1838 3210
227 249 532 283 LIUDPRANDI
556 247 905 283 ANTAPODOSIS.
955 248 1050 283 LIB.
1076 249 1120 283 V.
1176 249 1332 282 27—29.
1461 250 1528 283 115

89 361 166 415 ari,
195 361 270 418 qui
298 361 482 404 incertas
509 365 638 417 atque
667 360 712 402 in
743 373 844 403 casu
863 361 1025 416 positas
1044 361 1336 416 possessiones
1357 359 1528 415 habent,
1541 374 1609 401 946.

43 464 52 470 ἡ
101 416 199 475 plus
229 430 398 474 semper
424 421 634 474 appetunt
683 430 764 459 nec
794 430 942 458 eorum
973 417 1231 475 quisquam*
1260 415 1432 459 adhue»
1463 417 1526 459 in-

58 479 183 516 sutus
221 478 299 526 est,
340 472 438 515 οιιίε
506 471 592 514 uod
631 449 820 526 liaberet,
859 478 971 515 esset
1009 472 1124 526 satis,
1159 486 1246 514 non
1283 472 1411 515 modo
1441 487 1528 515 non

56 545 73 565 ··
96 529 196 572 ·iosi
237 527 404 581 divites,
443 542 488 570 se
557 528 686 571 etiam
723 528 874 585 inopes
913 542 965 570 ac
1003 541 1215 585 pauperes
1253 528 1528 571 existimandi

65 591 142 629 ιιι,
201 583 291 628 Soli
329 585 443 627 enim
483 589 583 626 sunt
620 583 790 638 divites,
827 589 871 627 et
897 583 1137 627 fructuosas
1165 598 1218 627 ac
1247 585 1528 642 sempiternas

71 640 250 685 ssident
277 655 359 695 res,
389 641 465 698 qui
495 640 584 682 suis
603 640 732 684 rebus
753 640 953 695 contenti,
982 641 1085 683 satis
1106 655 1198 683 esse
1218 647 1383 697 putant,
1413 640 1529 698 quod

48 732 68 754 4
163 697 263 740 Non
291 711 385 740 esse
416 695 635 754 cupidum,
664 710 766 739 vera
786 697 968 753 pecunia
989 704 1075 750 est3
1105 710 1191 739 non
1210 711 1303 739 esse
1324 710 1529 751 emacem,

50 763 83 793 e<
109 752 215 810 tigal
243 760 319 797 est.
376 752 609 796 Fateamur
636 753 793 809 itaque,
822 759 916 795 uter
945 759 1011 795 est
1039 752 1178 807 ditior,
1215 753 1286 795 cui
1314 751 1445 807 deest,
1473 767 1530 795 an

47 810 99 820 ’”
129 809 332 867 superat?
365 809 441 866 qui
469 814 580 865 eget,
609 822 663 850 an
695 809 769 865 qui
798 807 1049 851 habundat?
1087 809 1157 851 cui
1195 809 1412 865 possessio
1443 823 1529 866 quo

42 888 68 903 -..
121 866 271 919 maior,
310 879 361 908 eo
399 864 496 923 plus
533 864 712 922 requirit
749 863 805 907 ad
835 879 880 907 se
918 863 1134 919 tuendam,
1172 878 1228 906 an
1258 865 1332 922 qui
1361 879 1408 907 se
1438 865 1529 907 suis

61 923 78 960 ἰ
100 922 193 966 'bus
236 920 450 964 sustinet?
508 919 767 964 Contentum
811 920 968 964 etenim
1013 921 1101 963 suis
1144 920 1273 964 rebus
1286 952 1297 974 ,
1340 921 1529 964 maxime

48 976 67 1035 ᾗ
94 985 129 1022 ·t
157 977 503 1034 certissimaeque
533 976 722 1020 divitiae.
780 977 942 1019 Verum
972 977 1024 1019 de
1054 976 1136 1019 hoc
1165 977 1268 1019 satis
1297 991 1412 1020 nunc
1442 976 1529 1020 dic-

44 1055 108 1071 »m
148 1048 241 1077 esse
261 1033 458 1076 sufficiat.
502 1032 574 1075 Ad
593 1032 900 1089 Berengarium
921 1032 1004 1075 stili
1024 1033 1201 1076 intentio
1220 1032 1381 1087 redeat,
1406 1033 1529 1076 cuius

44 1116 62 1126 ιι
102 1089 335 1133 adventum
363 1103 541 1132 aureum
571 1103 718 1132 omnes
747 1087 939 1131 seculum
968 1089 1287 1145 promittebant,
1312 1095 1355 1132 et
1373 1088 1528 1144 felicia,

45 1154 75 1197 ζἰι
98 1167 103 1183 ι
125 1167 137 1185 ·.
168 1145 296 1189 talem
325 1144 578 1197 extulerant,
607 1152 802 1201 tempora
829 1143 1116 1188 clamitabant.

141 1202 208 1245 28.
266 1202 333 1244 Eo
362 1202 507 1258 itaque
535 1199 781 1244 Mediolanii
810 1201 991 1257 degente
1019 1215 1071 1243 ac
1100 1199 1269 1244 Italicas
1299 1199 1617 1258 dignitatesus.)

46 1259 111 1300 ἓιιι
140 1257 441 1301 adherentibus
475 1257 762 1314 dispensante,
800 1271 878 1299 rex
918 1256 1050 1313 Hugo
1089 1256 1353 1310 Lotharium,
1392 1255 1528 1300 filium

47 1328 168 1369 mn,
196 1328 284 1356 non
312 1312 368 1356 ad
396 1313 646 1369 Berengarii
676 1312 813 1355 solum
841 1327 994 1355 verum
1022 1312 1077 1355 ad
1106 1313 1237 1356 totius
1266 1327 1322 1370 po
1356 1311 1415 1355 uli
1434 1328 1528 1370 pre-

51 1367 209 1413 “mtiam
238 1369 405 1468 dirigit(i
428 1376 590 1435 petens,
620 1370 722 1426 quia
750 1383 795 1411 se
826 1370 887 1411 eis
915 1383 1003 1411 non
1031 1369 1292 1426 morigerum
1312 1383 1338 1410 a
1369 1368 1528 1423 dicant,

49 1432 166 1469 'uum
196 1424 348 1469 saltem
406 1440 445 1468 ei
474 1439 552 1483 pro
582 1440 740 1479 amore,
771 1425 845 1483 qui
874 1423 935 1467 nil
963 1426 1007 1467 in
1028 1439 1100 1468 eos
1120 1424 1359 1482 deliquerat
1374 1425 1406 1479 ⁶,
1438 1439 1528 1468 sus·

54 1482 201 1537 ¹·iant,
230 1496 282 1524 ac
311 1480 604 1524 voluntatibus
633 1495 782 1524 eorum
802 1482 909 1524 mori
942 1495 1063 1524 erum
1083 1481 1276 1524 reddant.
1323 1480 1529 1524 Lothario

96 1538 213 1596 ·ique
246 1537 551 1581 Mediolanium
589 1544 773 1603 petente,
812 1551 892 1579 rex
974 1551 1059 1594 ugo
1097 1537 1235 1594 Papia
1273 1539 1389 1580 omni
1429 1551 1528 1580 cum

51 1602 83 1649 'a'
110 1595 212 1638 unia
250 1608 470 1650 egressus,
509 1592 678 1636 Itaham
717 1593 914 1636 deserere
951 1601 1079 1651 atque
1119 1593 1164 1635 in
1198 1593 1290 1636 Bur
1381 1593 1528 1636 diam0

53 1655 81 1687 k·-
118 1650 337 1716 cogitavit.
382 1649 470 1692 Sed
498 1664 567 1692 res
596 1664 694 1692 eum
723 1650 805 1692 ista
832 1649 1018 1703 retinuit,
1049 1649 1251 1707 quoniam
1311 1663 1384 1691 um
1404 1649 1528 1692 mise-

54 1726 65 1753 ι
90 1705 212 1750 ordia
239 1704 443 1760 inclinati,
479 1705 730 1748 Lotharium
760 1706 805 1747 in
836 1704 992 1748 eclesia
1018 1705 1242 1748 beatorum
1272 1705 1529 1749 confessoris

69 1761 70 1764 ’
96 1762 318 1805 martirum
332 1762 346 1790 ¹
383 1760 622 1815 Ambrosii,
659 1761 858 1804 Gervasii
897 1768 940 1804 et
977 1762 1175 1816 Protasii,
1214 1768 1314 1805 ante
1354 1775 1528 1804 crucem

88 1826 285 1862 «stratum
315 1817 540 1875 erigerent,
570 1832 799 1883 regemque
825 1817 906 1860 sibi
927 1819 1244 1873 constituerent,
1275 1832 1405 1875 quam
1424 1832 1528 1860 mox

69 1882 125 1918 ·-:t
153 1874 382 1931 Hugonem
410 1874 602 1930 dirigunt
628 1881 839 1927 nuntmm,
880 1888 1008 1931 quem
1037 1889 1083 1917 se
1112 1874 1265 1917 iterum
1295 1888 1425 1931 super
1454 1888 1528 1917 eos

115 1938 303 1973 naturum
332 1930 599 1988 promittunt.
657 1929 755 1972 Hoc
784 1929 911 1987 plane
942 1929 1181 1984 consilium,
1211 1930 1343 1972 immo
1374 1929 1528 1987 decep-

69 2001 208 2040 nem,
256 2001 342 2029 non
385 2000 556 2039 omnes,
600 1985 675 2029 sed
719 1985 1028 2043 Berengarius,
1073 1993 1121 2029 ut
1163 1991 1255 2029 erat
1298 1984 1529 2028 calliditate

63 2065 66 2077 ι
91 2042 339 2096 ·arcinatus,
366 2041 598 2095 adinvenit,
628 2056 715 2084 non
745 2056 831 2096 quo
851 2041 928 2085 hos
949 2057 1128 2099 regnare
1149 2041 1408 2099 disponeret,
1438 2041 1528 2095 sed,

62 2151 64 2154 ‚
112 2105 210 2156 post
247 2097 411 2150 claruit,
451 2113 503 2140 ne
539 2097 671 2153 Hugo
715 2097 968 2152 discederet,
1007 2105 1136 2155 atque
1173 2098 1367 2140 inmensa
1397 2111 1529 2154 quam

59 2153 213 2210 „bebat
239 2154 423 2220 pecunia
450 2153 805 2210 Burgundionum
834 2162 908 2197 aut
946 2153 1125 2197 aliarum
1163 2154 1357 2210 gentium
1397 2167 1529 2211 super

58 2255 74 2314 ιζ
101 2209 675 2323 Ρέξὶῖιιοῖἱὲνιίἲωιζωροιο
716 2264 870 2322 Ioseph
911 2265 1108 2322 quidam,
1149 2265 1339 2309 moribus
1380 2279 1525 2319 senex,

54 2319 177 2374 ‘sbus
207 2321 387 2375 iuvenis,
418 2321 648 2364 Brixianae
678 2321 861 2364 civitatis
883 2320 1070 2365 clarebat
1089 2322 1333 2379 episcopus.
1385 2322 1525 2375 Quem

63 2381 81 2402 ’·-
112 2378 329 2435 engarius,
373 2385 420 2420 ut
458 2385 550 2420 erat
589 2375 686 2420 dei·
726 2377 879 2419 timens
890 2384 923 2430 Β,
968 2377 1023 2420 ob
1061 2391 1227 2421 morum
1266 2376 1524 2435 probitatem
1542 2396 1719 2434 -ymmm,

65 2454 110 2470 ⁴:
134 2434 244 2491 ·opio
305 2434 470 2486 rivavit,
509 2434 601 2476 eius
630 2431 724 2476 loco
753 2431 1002 2487 Antonium,
1043 2434 1117 2491 qui
1146 2448 1259 2476 nunc
1290 2448 1426 2491 usque
1456 2447 1524 2475 su-

69 2510 85 2524 2³
103 2498 180 2543 est,
208 2504 265 2532 nu
298 2503 323 2531 o
353 2487 531 2532 concilio
561 2487 721 2543 habito,
750 2487 867 2531 nulla
886 2489 1184 2546 episcoporum
1204 2489 1526 2543 deliberatione,

60 2549 62 2552 ’
91 2546 256 2588 ·stituit.
317 2544 402 2588 Sed
431 2552 474 2588 et
503 2543 653 2587 Cumis
682 2551 784 2588 tunc
814 2559 899 2587 non
918 2544 1195 2599 Adelardum,
1225 2552 1273 2588 ut
1301 2545 1525 2599 iuraverat,

57 2643 64 2647 .
144 2620 150 2639 ι
219 2600 275 2643 ob
314 2599 643 2643 Mediolanensis
685 2600 995 2659 archiepiscopi
1038 2616 1227 2644 amorem
1267 2600 1526 2645 Waldonem

56 2655 240 2700 endam
280 2657 533 2715 episcopum
573 2655 797 2699 ordinavit.
871 2656 998 2710 Quod
1069 2672 1167 2699 uam
1207 2656 1315 2700 bene
1360 2655 1524 2710 fecerit,

60 2709 292 2761 fbditorum
323 2711 609 2770 depopulatio,
638 2712 790 2756 vitium
811 2713 976 2768 incisio,
1005 2727 1054 2755 ar
1085 2727 1207 2756 orum
1229 2712 1525 2766 decorticacio,

70 2839 155 2867 ’ραις
180 2835 206 2861 1.
287 2834 319 2867 b)
339 2834 391 2866 qni
416 2835 441 2861 ι.
524 2830 554 2867 ο)
572 2840 601 2862 ι.
623 2833 682 2860 cibi
703 2832 861 2861 sufficio·-
882 2832 903 2862 ί.
923 2833 978 2860 δι.
1058 2833 1089 2865 d>
1113 2833 1288 2866 deltonem
1312 2834 1336 2859 1.
1410 2831 1439 2865 e)
1461 2832 1526 2859 bre·

68 2886 72 2890 ›
99 2872 171 2899 dam
196 2874 208 2899 1
293 2872 317 2907 0
337 2873 403 2899 um
426 2873 452 2899 ι.
515 2874 546 2905 3)
570 2864 739 2900 delumens
759 2877 784 2899 ec
806 2873 837 2899 fn
858 2873 987 2906 narem
1003 2870 1174 2906 ‘eyronflebn
1200 2873 1222 2898 ι.
1245 2871 1322 2904 quod
1345 2871 1360 2897 2
1383 2872 1423 2896 ua
1444 2870 1525 2902 trau:

24 2945 26 2950 y
61 2942 69 2946 Η
96 2912 266 2946 uyronflco·
288 2919 384 2943 mens,
407 2911 466 2939 δι.
486 2915 581 2938 auem
601 2911 650 2940 «10¹
670 2911 858 2939 “tentemus
879 2917 978 2940 monn.
1002 2926 1035 2932 —
1058 2915 1207 2945 tyrannm·
1229 2910 1395 2937 vehemens
1417 2907 1485 2937 δι’.

1169 2966 1213 2999 8.
