1838 3210
221 239 527 274 LIUDPRANDI
552 238 900 274 ANTAPODOSIS.
948 238 1044 274 LIB.
1069 239 1115 273 V.
1168 239 1301 272 9-11.
1442 241 1508 273 105

73 372 79 388 ·
99 371 112 388 ·-
142 351 413 405 transmittat,
442 364 548 408 quas
577 349 801 395 chelandia
829 351 969 409 patrio
989 364 1184 394 sermone
1205 349 1334 394 Greci
1354 365 1511 417 cogno-

27 407 119 444 ''>a‘·1
144 413 192 450 ·t.
249 407 346 450 Hoc
375 414 518 450 autem
546 421 598 450 eo
626 406 740 461 fecit,
780 414 828 450 ut
866 405 969 449 dum
1006 407 1195 450 terrestri
1230 406 1378 450 itinere
1416 422 1509 465 ipse

117 462 423 507 destruendum
470 462 664 507 tenderet
698 463 980 506 Fraxinetum
989 469 1021 517 ⁸,
1069 476 1165 506 eam
1212 470 1379 520 partem
1424 478 1510 520 qua

40 519 50 521 ”
109 519 120 529 “
163 520 355 562 munitur
396 517 526 562 Greci
567 519 741 576 navigio
790 518 1047 573 obsiderent,
1096 533 1330 576 eorumque
1376 534 1509 562 naves

49 622 51 624 ,
82 594 88 611 ι
131 596 142 613 ·.
179 581 254 630 ·nt,
284 589 336 617 ae
363 590 418 618 ne
446 575 501 618 ab
531 574 745 633 Hispania
780 575 919 618 victus
957 575 1019 618 eis
1058 583 1133 618 aut
1161 576 1381 632 copiarum
1412 575 1510 619 sub-

35 639 37 643 “
61 632 124 673 'a
182 634 436 686 rovenirent‚
467 630 789 688 diligentissime
818 630 1104 688 providerent.

131 645 195 730 18.
238 687 406 731 Interea
435 687 733 745 Berengarius,
761 687 985 730 memorati
1012 686 1142 730 frater
1160 687 1360 730 Anscarii
1380 694 1509 746 atque

32 775 35 779 -
65 744 284 802 poregiae
327 744 515 787 civitatis
557 743 773 798 marchio,
824 742 989 786 occulte
1038 742 1223 800 quedam
1271 744 1317 786 in
1361 759 1406 788 re
1440 759 1508 787 em

40 817 56 835 κ
78 800 130 842 ·it
166 798 318 843 moliri.
387 799 516 854 Quod
554 799 658 843 dum
696 800 787 856 regi
825 806 1090 856 compertum
1129 806 1253 854 esset,
1291 800 1391 843 *sim
1439 807 1510 844 ata

43 855 307 899 ·.‚.'volencia
334 854 599 900 dissimulata
630 870 683 898 ue
719 856 795 910 ira,
831 854 934 898 dum
970 854 1027 898 ad
1063 870 1158 899 sese
1196 856 1373 909 veniret,
1411 855 1508 900 luce

50 926 111 954 m
138 912 308 969 privare
338 911 559 970 disposuit.
600 870 753 955 clli'ilius
788 911 972 968 denique
1010 911 1115 965 eius,
1154 911 1325 955 nomine
1354 911 1508 956 Lotha-

60 986 93 1003 ·‡
128 982 221 1022 rein,
251 975 293 1011 et
320 969 413 1025 ipse
443 982 604 1026 parvus
633 982 684 1010 ac
719 968 1057 1011 necessariarum
1086 967 1167 1011 sibi
1195 982 1338 1011 rerum
1366 967 1508 1012 adhuc

39 1044 100 1075 ’,ωε
146 1038 200 1077 ·s,
261 1025 434 1067 uoniam
463 1023 647 1067 consiliis
666 1023 733 1066 his
753 1024 954 1078 interfuit,
985 1039 1008 1066 c
1036 1022 1124 1067 lare
1145 1023 1508 1082 quemadmodum

49 1093 117 1130 fer
144 1039 260 1124 haud
295 1081 466 1138 potuit..
486 1094 634 1123 verum
665 1079 876 1123 destinato
913 1079 969 1122 ad
998 1039 1307 1137 sserengarium
1344 1081 1507 1136 nuntio,

71 1135 128 1179 od
155 1136 238 1180 sibi
266 1145 391 1194 pater
419 1150 522 1179 suus
552 1135 693 1179 facere
731 1135 870 1190 vellet,
906 1137 1117 1193 apperuit.
1186 1136 1283 1179 Hoc
1321 1135 1507 1194 denique

60 1213 78 1230 ·..
106 1193 296 1249 ngarius
325 1199 373 1235 ut
400 1192 575 1246 audivit,
605 1191 771 1235 Italiam
811 1206 940 1250 quam
979 1206 1082 1235 mox
1112 1190 1310 1247 deseruit,
1350 1207 1402 1236 ae
1430 1208 1508 1251 per

67 1255 200 1291 ntem
229 1248 348 1292 Iovis
376 1249 421 1291 in
450 1248 653 1292 Sueviam
683 1248 738 1291 ad
767 1248 1078 1293 Herimannum
1118 1247 1272 1292 ducem
1306 1263 1508 1306 propera·

45 1315 49 1318 ·
81 1318 93 1360 3
122 1318 301 1348 uxorem
329 1318 431 1348 vero
462 1318 582 1347 suam
612 1303 787 1349 Willam
816 1320 893 1362 per
929 1303 1057 1347 aliam
1095 1305 1210 1348 viam
1238 1303 1295 1347 ad
1325 1305 1507 1349 eandem

72 1360 277 1404 vinciam
306 1360 450 1404 venire
475 1361 679 1418 precepit.
738 1360 861 1415 Quae
882 1360 1101 1426 temporeb
1133 1359 1410 1416 digressionis
1430 1376 1506 1405 sue

52 1438 69 1453 ι
116 1424 305 1461 montem
334 1416 492 1460 Avium
507 1425 535 1472 ¹,
564 1416 651 1460 feta
678 1418 907 1483 partuique
937 1417 1093 1471 vicina,
1130 1415 1312 1474 qualiter
1339 1424 1506 1462 montes

42 1477 88 1510 ἰ·
146 1486 323 1531 asperos
369 1479 498 1539 atque
540 1473 680 1516 invios
722 1480 902 1516 transire
938 1471 1124 1530 pedibus
1160 1473 1356 1530 poterite,
1400 1475 1505 1519 satis

76 1542 177 1573 ueo
207 1529 373 1584 mirari3
403 1530 486 1572 msi
514 1530 614 1587 quia
642 1529 834 1573 fortunas
859 1544 1007 1572 omnes
1029 1528 1230 1572 adversas
1250 1529 1355 1572 mihi
1375 1529 1505 1573 fuisse

112 1604 120 1623 ι
158 1585 261 1628 scio.
320 1584 407 1628 Sed
436 1584 514 1628 ab!
556 1599 686 1643 quam
715 1585 797 1629 sibi
826 1584 1070 1643 decipulam
1099 1583 1325 1628 Lotharius
1385 1600 1505 1643 repa-

55 1640 179 1696 Qerit‚
208 1640 339 1684 futuri
367 1642 541 1698 ignarus
570 1641 717 1685 videre
745 1657 831 1685 non
860 1642 1012 1699 potuit.
1069 1640 1190 1683 Dum
1214 1641 1327 1685 enim
1388 1657 1506 1692 eren-

64 1696 129 1740 'o
158 1696 384 1751 consuluit,
414 1698 489 1756 qui
517 1712 698 1764 regnum
737 1707 780 1742 et
818 1698 950 1741 vitam
988 1696 1174 1740 auferret
1212 1697 1383 1742 sibimet
1411 1713 1504 1756 pre·

60 1759 62 1762 ’
97 1753 216 1797 vit¹.
292 1754 516 1811 Imprecor
562 1761 707 1812 itaque
754 1769 840 1797 non
887 1752 1109 1806 Lothario‚
1166 1754 1241 1811 qui
1288 1755 1504 1811 puericiae

71 1809 180 1859 ftate
208 1810 418 1867 peccavit,
446 1809 491 1852 id
522 1824 575 1853 ue
605 1810 878 1867 postmodum
915 1824 1059 1853 amare
1088 1810 1312 1868 poenituit,
1354 1825 1503 1854 verum

65 1863 224 1910 atibus
252 1864 335 1909 illis
369 1864 499 1908 crude
532 1866 626 1920 bus,
665 1875 813 1911 contra
850 1866 1065 1909 insuetum
1105 1864 1303 1908 omnibus
1341 1881 1503 1910 morem

107 1936 131 1965 e
161 1922 222 1966 eis
251 1922 332 1967 iter
358 1921 650 1979 prebentibus.
709 1923 861 1980 Itaque
890 1921 994 1966 libet
1021 1922 1066 1964 in
1094 1936 1241 1965 eorum
1265 1922 1369 1965 mihi
1389 1937 1504 1966 nunc

63 1999 84 2018 2·
97 1976 313 2021 tumeliam
343 1977 604 2021 exclamare:

56 2033 320 2091 ‚Improbe‘¹
351 2048 474 2077 mons
504 2035 677 2089 Avium,
706 2034 779 2078 tali
884 2034 1035 2092 Neque
1054 2041 1099 2077 tu
1119 2035 1290 2077 nomine
1312 2033 1481 2090 dignus,

53 2116 58 2135 a
93 2088 334 2134 conservas
363 2091 464 2148 quia
490 2105 589 2133 nam
620 2098 798 2149 pestem,
884 2090 1148 2147 Nuncquam
1160 2089 1339 2147 perdere
1381 2091 1503 2133 ossis.

91 2145 242 2189 Invius
273 2160 365 2190 esse
394 2145 503 2190 soles
532 2147 673 2202 etiam,
887 2146 997 2189 Cum
1028 2145 1091 2188 sol
1119 2146 1270 2203 igneus
1299 2160 1325 2188 a
1379 2154 1431 2201 et,

71 2201 307 2261 ⁴‘Tempore
337 2216 423 2260 quo
453 2202 651 2246 Cererem
687 2217 850 2246 messor
888 2200 1032 2245 Curva
1060 2200 1170 2244 falce
1199 2202 1424 2259 reposcit⁰‚

93 2257 308 2325 Tempore
338 2273 424 2316 quo
453 2258 584 2302 radiis
613 2258 777 2302 Phoebi
889 2257 1072 2301 canerit
1102 2257 1219 2300 sidus
1249 2257 1430 2301 adurit³.

59 2344 62 2350 -
93 2313 283 2358 Pessime
311 2329 425 2357 nunc
455 2329 502 2357 es
531 2313 723 2358 inaudito
888 2313 1102 2371 Rigidaet
1130 2322 1323 2372 tempore
1352 2312 1503 2357 brume

93 2369 307 2415 Pervius?
334 2378 461 2428 atquc
490 2371 651 2414 utinam
676 2378 850 2429 possent
887 2369 986 2413 Mea
1013 2384 1129 2413 nunc
1157 2377 1258 2413 vota
1285 2368 1439 2425 valere,

133 2469 258 2495 enetmn
279 2475 355 2494 eor-r.
378 2466 564 2495 fraxinetum
590 2468 615 2495 1.
655 2467 687 2500 b)
710 2468 807 2495 tenve
832 2469 858 2494 Ι.
901 2466 928 2500 c)
948 2466 967 2492 ι’.
988 2474 1011 2494 e.
1035 2466 1181 2500 potuerit.
1224 2465 1255 2500 d)
1278 2466 1369 2493 Codex
1390 2466 1415 2492 8.
1438 2467 1505 2493 haec

126 2507 193 2540 plne
213 2507 308 2533 habu:
331 2506 460 2533 Meu-nm
482 2506 658 2533 dactilicum
677 2506 863 2534 elementum
881 2509 1025 2533 constent
1046 2506 1185 2532 trimetro
1204 2506 1432 2539 ypercnuleeto
1452 2507 1504 2538 qu!

98 2560 100 2565 ν
129 2553 148 2572 ο
166 2549 286 2573 eon-ut
302 2549 333 2573 et
351 2546 465 2572 daetuo
477 2549 507 2573 et
518 2546 656 2580 spondeo
665 2565 672 2579 ,
693 2549 738 2573 eet
751 2546 782 2573 tn
795 2546 863 2573 loco
874 2552 929 2579 pro
941 2546 1040 2578 primo
1052 2545 1190 2578 spondeo
1202 2548 1248 2572 eet
1258 2544 1310 2571 ub!
1324 2548 1505 2578 anapestum

101 2598 104 2601 ·
124 2592 155 2612 m
173 2586 348 2613 invenimu-
360 2588 394 2612 ιιι
407 2588 453 2612 eet
464 2592 556 2613 omne
566 2586 724 2613 hominum
742 2593 839 2619 genu·
853 2586 884 2612 ln
899 2585 999 2612 terrio.
1051 2583 1082 2619 e)
1091 2584 1221 2619 repo-eit
1234 2585 1259 2612 1.
1310 2583 1334 2617 s)
1346 2585 1465 2611 cranei-l
1480 2586 1504 2612 1.

0 2653 4 2661 ,
110 2625 182 2662 ‘¹⁴¹9
205 2626 230 2651 ι.

0 2681 4 2698 ³
71 2699 195 2735 odie
223 2699 408 2746 Voqetberq
425 2700 679 2745 (nemu-raino)
705 2700 800 2734 6584
821 2699 933 2746 pedes
959 2699 1063 2742 altus,
1089 2709 1198 2744 prope
1217 2698 1370 2733 Adulam
1398 2702 1505 2743 atque

74 2750 89 2769 ⁴.
154 2749 282 2784 Rheni.
370 2748 410 2793 2)
437 2749 491 2785 Cf.
517 2749 713 2785 flodoardi
738 2750 830 2784 Ann.
857 2750 948 2783 950:
976 2748 1215 2793 Bet-eugenius
1235 2772 1243 2781 .
1261 2773 1269 2783 .
1291 2758 1441 2789 veneno,
1468 2751 1506 2780 ut

0 2811 6 2834 ε
79 2802 143 2840 >¹ss2
164 2803 294 2832 nee-to
312 2798 482 2833 Lethon-io
500 2810 597 2843 rege,
622 2799 787 2843 lingonis
805 2798 892 2839 filio,
917 2808 979 2831 rex
1001 2796 1154 2831 efficitur
1172 2796 1315 2832 Italiae.
1390 2796 1430 2839 3)
1450 2796 1506 2830 Cf.

91 2870 93 2873 ⁴
138 2846 196 2889 65,
221 2847 315 2882 nist.
342 2848 416 2882 Ott.
444 2859 475 2881 c.
503 2848 544 2891 8;
578 2849 696 2883 Boetli
731 2847 864 2882 Philos.
893 2846 1038 2882 Consol-
1066 2846 1082 2880 1
1111 2857 1143 2880 c.
1172 2846 1212 2879 6:
1251 2845 1340 2879 Cum
1367 2844 1504 2878 Phoebi

77 2902 94 2923 »i
149 2906 257 2939 grave
280 2896 286 2940 1
310 2897 430 2931 ceneri
457 2896 555 2932 sidus
582 2898 772 2931 inae-tuat.

1523 364 1578 392 941
1583 384 1590 391 .

1522 812 1531 824 “
1544 822 1574 848 p.
1587 815 1656 842 ³³0.
