1838 3210
221 217 522 252 LIUDPRANDI
549 215 892 251 ANTAPODOSIS.
943 215 1039 250 LIB.
1066 214 1137 249 111.
1188 214 1344 247 40—41.
1489 213 1530 244 71

3 329 201 383 ,xp-afforoes,
243 337 417 386 tamque
459 329 670 385 insperate
712 334 859 370 contra
907 327 1148 381 dominum,
1196 327 1326 368 immo
1374 340 1530 382 regem,

46 394 236 430 vestrum
265 386 473 428 commoti·
492 384 623 427 estis?
681 383 727 426 Si
757 383 976 449 quippiam
996 383 1112 441 quod
1139 382 1361 448 displiceat
1388 390 1530 424 actum

4 449 126 497 kest,
169 441 465 485 consolidetur.
522 440 587 483 Ne
618 455 671 483 ue
715 454 827 483 emm
870 454 964 483 sera
1006 438 1243 483 emendano
1280 437 1531 495 reprehendi

4 497 179 552 *molen
215 497 436 556 presertim
473 498 508 539 si
542 511 571 538 n
694 495 959 553 neglegentia
995 495 1263 552 pretermissa
1279 535 1284 541 ,
1299 495 1387 538 est’.
1452 494 1530 536 His

4 554 24 603 ’,ἶ
48 554 224 606 auditis,
261 553 445 596 furorem
484 553 625 596 cuncti
667 553 796 594 animi
841 552 1099 609 mitigarunt.
1158 550 1282 595 Solus
1326 549 1444 593 Gezo
1488 551 1531 591 in

14 625 135 669 :qvqua
162 610 279 668 prius
306 609 444 652 fuerat
470 609 683 666 protervia
702 622 890 662 manens,
919 622 1091 664 operam
1111 607 1251 661 dabat,
1281 621 1364 664 quo
1386 621 1531 649 omnes

7 675 36 718 ’,ι
49 681 177 724 super
304 680 347 707 m
375 666 581 708 irruerent
609 679 793 722 eumque
828 670 964 707 morte
1003 663 1249 720 turpissima
1282 663 1531 706 cruciarent.

12 723 211 778 ,nst-Verum
269 722 489 779 isponente
519 721 612 775 deo,
640 721 816 764 affectus
844 720 934 763 eius
963 734 1119 777 pravus
1148 720 1346 763 effectum
1376 718 1532 761 babere

13 788 32 820 ,ἡ
47 793 134 822 non
161 779 310 836 potuit.
367 777 543 820 Reversi
570 778 699 835 igitur
725 776 781 819 ad
809 790 954 833 regem
981 776 1138 831 nuntii,
1174 783 1301 832 prout
1337 774 1534 818 viderant

14 834 28 874 ‘1
49 843 93 878 et
119 833 352 887 audierant,
381 841 640 876 enarrarunt.

7 892 25 923 '‘5-
160 893 228 933 41.
272 890 293 932 I
326 891 409 933 'tur
450 905 528 932 rex
571 889 644 931 Hu
674 903 699 931 o
747 889 852 932 haec
895 888 1035 931 omnia
1083 888 1205 945 quasi
1252 902 1328 945 pro
1376 885 1619 935 nichilom.)

13 970 30 975 ·⁷
49 953 190 990 mente
219 947 299 990 sub
331 945 399 989 ola
427 946 599 999 ducens,
665 945 764 1010 apia
792 960 816 987 e
869 959 999 998 essus,
1028 943 1153 1001 longe
1181 943 1264 986 alio
1304 958 1531 1001 properare

23 1002 231 1057 τίθει-ἰωή,
259 1003 484 1060 missisque
514 1002 788 1044 cix-cumcuma
845 1001 931 1044 bris
942 1007 972 1055 ⁸,
1001 999 1154 1044 milites
1182 1014 1280 1043 suos
1307 999 1362 1043 ad
1391 1014 1435 1042 se
1464 1014 1532 1042 ve-

16 1059 141 1102 nire
175 1059 380 1117 precepit.
437 1058 556 1111 Quos
591 1059 700 1100 inter
729 1057 910 1100 Samson
948 1063 1175 1114 prepotens
1211 1064 1378 1099 comes¹
1409 1055 1534 1099 adve-

23 1121 182 1169 »nex-at,
219 1116 294 1173 qui
321 1115 406 1157 iam
435 1114 549 1157 dicto
579 1113 741 1157 Gezoni
776 1113 1091 1156 inimicissimus
1119 1120 1222 1155 erat.
1278 1113 1321 1155 Is
1350 1111 1532 1169 denique

151 1186 193 1214 m
221 1179 270 1214 ut
297 1170 414 1225 vidit,
444 1185 541 1213 eum
570 1171 629 1212 ita
656 1170 871 1213 convenit:
900 1167 1153 1212 ‘Sollicitum
1182 1176 1224 1212 te
1252 1168 1450 1226 equidem
1480 1167 1533 1210 de

12 1243 23 1260 ‘—
47 1186 223 1271 'diffinis
262 1227 390 1270 rebus
428 1233 574 1270 contra
611 1233 654 1269 te
689 1224 946 1269 tumultuose
981 1230 1024 1269 et
1063 1223 1238 1268 moleste
1275 1224 1340 1266 his
1383 1223 1533 1267 diebus

13 1284 156 1330 mactis
193 1285 381 1337 intueor3
420 1297 568 1326 verum
605 1283 642 1324 si
678 1297 746 1324 me
773 1282 895 1325 audis
923 1281 1110 1338 mihique
1138 1281 1418 1339 obtemperas,
1449 1280 1534 1322 suis

23 1340 63 1382 zi
95 1340 131 1382 si
167 1339 329 1398 laqueis
371 1339 602 1396 capientur.
669 1337 791 1381 Alter
825 1338 959 1391 enim,
1004 1338 1077 1395 qui
1120 1336 1270 1381 melius
1313 1335 1534 1379 consilium

27 1421 33 1445 η
49 1354 152 1439 ‹Eu-e
188 1397 324 1454 possit
358 1410 487 1453 quam
521 1410 544 1438 e
576 1409 622 1447 o,
659 1409 743 1437 non
783 1393 907 1437 facile
935 1393 1115 1437 inveniri
1142 1401 1298 1451 potest,
1326 1393 1405 1436 tibi
1434 1407 1534 1435 vero

20 1452 132 1509 ÷ipsi
171 1459 285 1495 certe
324 1466 451 1495 nemo
481 1466 548 1494 me
565 1452 632 1493 ius
660 1450 790 1494 dabit.
848 1450 993 1493 Unum
1021 1458 1165 1493 tamen
1193 1457 1312 1507 pete,
1348 1457 1396 1492 ut
1431 1447 1533 1491 dum

22 1509 166 1566 J’capti
194 1524 291 1552 mea
319 1522 447 1566 opera
475 1507 642 1560 fuerint,
674 1506 791 1550 Gezo
822 1521 920 1549 cum
949 1507 1064 1548 omni
1093 1520 1172 1548 sua
1210 1506 1402 1563 ypostasi
1429 1505 1535 1547 meis

27 1563 244 1610 &radatur
280 1565 326 1607 in
353 1562 574 1607 manibus’.
632 1563 771 1616 Quem
807 1562 909 1605 dum
944 1562 1035 1605 dari
1070 1562 1151 1605 sibi
1179 1576 1206 1603 a
1233 1577 1332 1619 rege
1361 1560 1535 1614 audivit,

21 1620 223 1670 ss‘iadiecit:
254 1621 353 1664 ‘Leo
383 1620 618 1663 Ticinensis
647 1619 873 1676 episcopus
902 1618 1098 1672 civitatis,
1131 1617 1352 1675 VValperto
1382 1625 1424 1660 et
1454 1615 1536 1660 Ge-

20 1677 148 1720 moni
183 1691 267 1720 non
305 1675 484 1719 habetur
524 1676 705 1729 amicus3
749 1675 778 1716 ii
821 1689 922 1718 sane
964 1688 1233 1740 quocumque
1277 1680 1456 1731 possunt
1497 1673 1537 1716 ei

24 1733 308 1776 &omnimodis
345 1732 635 1775 adversantur.
694 1731 820 1775 Scitis
851 1730 1047 1798 denique,
1077 1745 1206 1773 moris
1236 1745 1340 1783 esse,
1369 1729 1461 1785 regi
1481 1729 1535 1772 ab

20 1788 146 1833 &aliis
172 1788 276 1832 locis
304 1789 480 1846 Papiam
507 1787 696 1831 tendenti
725 1787 838 1830 cives
866 1787 1066 1830 forciores
1083 1794 1205 1830 extra
1223 1786 1372 1830 urbem
1393 1800 1539 1830 occur·

51 1860 159 1889 rere.
216 1845 416 1889 Mandatc
452 1845 594 1910 itaque
632 1843 742 1887 clam
770 1845 915 1909 episco
949 1858 985 1897 o,
1024 1849 1072 1885 ut
1104 1842 1207 1886 dum
1237 1849 1426 1899 tempore
1457 1849 1538 1884 sta-

22 1907 145 1945 ,tuto
180 1901 357 1959 Papiam
394 1901 617 1954 venentis,
651 1907 695 1943 et
738 1900 818 1957 ipsi
852 1914 907 1942 vo
939 1900 976 1942 is
1012 1905 1133 1943 extra
1172 1899 1322 1943 urbem
1366 1897 1534 1941 obviam

52 1958 259 2011 venerint,
288 1963 432 2015 portas
462 1957 644 1999 civitatis
665 1970 811 1999 omnes
841 1969 1004 1999 serrare
1031 1955 1171 2009 faciat,
1199 1953 1425 2013 clavesque
1445 1955 1536 2011 ipse

38 2015 244 2068 tetineat,
275 2028 360 2071 quo
389 2013 490 2055 dum
520 2026 672 2070 capere
701 2027 773 2055 eos
803 2012 1052 2069 ceperimus,
1082 2025 1159 2054 nec
1188 2012 1231 2053 in
1261 2012 1409 2054 urbem
1440 2025 1536 2052 con-

44 2069 214 2128 fugere,
242 2084 322 2113 nec
349 2070 403 2112 ab
439 2068 545 2112 urbe
583 2069 746 2126 possint
778 2067 983 2111 auxilium
1022 2069 1272 2125 expectare'.
1332 2066 1458 2120 Quod
1496 2074 1538 2109 et

31 2125 212 2169 &aetum
241 2133 317 2169 cst.
375 2124 484 2167 Nam
512 2124 614 2167 dum
650 2132 805 2168 statuto
841 2131 1031 2182 tempore
1066 2138 1142 2167 rex
1181 2123 1357 2180 Papiam
1396 2122 1538 2166 tende-

27 2182 132 2237 ἔτει,
161 2189 204 2225 et
231 2182 451 2225 memorati
472 2180 641 2223 obviam
670 2182 708 2224 ei
738 2181 916 2234 exirent,
945 2180 1172 2237 episcopus
1202 2179 1392 2232 libenter,
1422 2187 1470 2221 ut
1498 2179 1535 2221 ei

45 2238 307 2296 imperatum
337 2237 486 2291 fuerat,
512 2237 625 2280 fecit.
683 2237 775 2280 Rex
803 2238 947 2294 itaque
976 2251 1122 2279 omnes
1151 2249 1315 2293 capere,
1343 2243 1391 2278 ut
1419 2235 1536 2278 Sam-

26 2296 134 2337 Ῑυεόιι
161 2293 382 2337 consilium
422 2293 615 2347 dederat,
652 2294 783 2336 iussit.
842 2291 1075 2335 Confestim
1110 2292 1123 2334 i
1156 2293 1238 2335 ’tur
1267 2291 1385 2335 Gezo
1417 2290 1535 2334 Sam-

28 2351 133 2395 &son
171 2349 370 2403 traditus,
405 2358 585 2407 utroque
621 2348 779 2392 lumine
814 2349 1024 2416 privatur,
1069 2355 1111 2391 et
1162 2348 1309 2405 ingua,
1355 2362 1463 2405 quac
1493 2347 1535 2389 in

40 2414 198 2464 {regem
227 2405 532 2463 blasphemiam
563 2405 750 2460 dixerat,
787 2421 826 2449 ei
855 2403 1101 2450 absciditur.
1159 2403 1197 2449 Ο
1228 2404 1383 2447 factum
1414 2404 1534 2457 bene,

55 2462 93 2505 si
122 2463 231 2505 sicut
258 2476 435 2515 coecus,
475 2462 534 2505 ita
570 2469 613 2506 ct
641 2470 782 2505 mutus
819 2461 983 2505 cunctis
1012 2461 1220 2504 extitisset
1249 2459 1533 2517 temporibus!

56 2518 143 2562 Sed
173 2520 197 2560 ό
217 2518 367 2573 scelus,
398 2519 597 2576 quoniam
625 2517 772 2577 lingua
800 2517 965 2562 abscisa
993 2515 1202 2575 loquelam
1223 2531 1308 2559 non
1338 2515 1535 2574 perdidit,

40 2628 89 2662 gh>
109 2629 151 2655 {aa
175 2629 201 2657 Ι.
222 2632 254 2655 ue
274 2632 299 2654 n
319 2628 367 2656 Iib.
391 2628 431 2661 11,
453 2630 480 2654 9.

31 2704 99 2771 ⁶³21)
125 2727 274 2762 Samson
308 2729 452 2763 natione
489 2729 666 2770 Francus,
710 2737 828 2763 comes
872 2729 964 2762 sacri
1002 2726 1143 2772 palatii,
1188 2726 1380 2760 monacha,
1415 2729 1539 2770 9032„

35 2775 298 2812 ΞΔὲῠιηιιιοωιιιιὶιι
340 2783 633 2812 commemoratur
665 2778 756 2811 intra
789 2787 899 2811 annos
933 2777 1139 2817 924-932,
1182 2775 1227 2810 cf.
1266 2775 1432 2809 Clu-onie.
1466 2775 1539 2807 No-

35 2825 215 2910 Ἓέουῐέ
239 2826 276 2909 IVI
299 2827 416 2909 033288,
442 2827 538 2861 Mon.
565 2827 645 2862 mot.
672 2831 764 2871 patr.
790 2826 896 2868 xm,
921 2824 1004 2859 878.
1036 2826 1118 2859 910.
1145 2825 1227 2857 918.
1255 2824 1342 2865 9273
1371 2823 1539 2858 Manum

45 2894 57 2907 v
132 2900 140 2908 .
202 2898 212 2910 ,
279 2900 287 2917 ,
388 2900 396 2909 ο
