1838 3210
306 199 611 233 LIUDPRANDI
637 199 985 235 ANTAPODOSIS.
1035 200 1129 234 LIB.
1157 201 1219 234 VI.
1275 202 1379 235 1—3.
1521 202 1587 235 119

72 311 272 368 quatiar,
308 311 514 368 iuvatque
551 311 764 354 hominem
798 312 1051 355 exteriorem
1122 312 1231 356 otius
1268 312 1415 368 lugere
1456 329 1585 371 quam

73 366 290 421 rscribere.
346 367 527 410 Interior
561 381 663 410 vero
701 367 948 424 apostolicis
986 382 1068 410 con
1101 376 1262 410 rmatus
1294 369 1511 423 institutis,
1540 371 1586 412 in

54 419 335 467 ‚huiusmodi
372 421 717 466 tribulationibus
754 422 982 480 gloriatur,
1025 425 1161 467 sciens
1207 424 1323 481 quod
1365 423 1583 468 tribulatio

88 478 338 536 patientiam
367 485 580 536 operatur,
620 479 826 536 patientia
865 487 1008 522 autem
1038 479 1346 538 probationem,
1385 482 1582 546 probatio

56 556 71 586 „g
87 548 191 577 vero
220 549 359 591 spem;
388 549 486 591 spes
514 542 659 578 autem
677 549 762 577 non
783 535 1016 590 confundit,
1047 537 1147 594 quia
1167 537 1320 579 caritas
1340 536 1409 579 de1
1429 537 1582 580 diffusa
1595 551 1799 586 nomas-⁶.

55 593 154 641 ἀεὶ
180 590 225 632 in
253 589 454 633 cordibus
482 591 636 634 nostris
665 605 744 648 per
771 592 968 657 spiritum
1004 600 1211 646 sanctum,
1250 593 1324 650 qui
1362 592 1487 638 datus
1518 601 1583 637 est

48 651 60 675 ⁵·
76 645 224 694 nobis.
281 646 463 689 Paroeat
498 647 642 704 itaque
677 648 868 691 interiori
906 649 1114 703 exterior,
1153 663 1315 706 suaque
1348 648 1582 692 infurtunia

48 702 174 747 {non
201 700 339 746 solum
367 717 454 745 non
491 701 730 758 abhorreat,
759 718 910 747 verum
938 703 983 746 in
1011 704 1076 748 his
1113 706 1255 763 potius
1286 706 1580 762 conquiescat3

47 790 61 814 ᾖ
85 756 190 801 dum
222 773 276 801 ue
304 758 518 802 scribendi
554 773 729 817 operam
767 758 886 814 dans,
926 759 1122 804 fortunae
1159 768 1253 804 rota
1292 760 1449 804 elevari
1488 760 1578 816 hos,

55 812 178 856 &illos
237 815 389 871 eprimi
417 814 586 869 dixerit,
609 821 855 881 presentem
888 815 1280 860 incommoditatem
1318 817 1459 860 minus
1487 833 1580 861 sen-

48 867 173 924 {fieg
213 871 388 928 eiusque
427 870 698 915 mutabihtati
737 872 1023 928 congaudens,
1063 873 1294 927 deteriora,
1334 873 1450 930 quod
1487 874 1580 917 fieri

51 927 233 984 {nequit
265 927 309 969 ni
346 941 460 970 mors
499 934 574 970 aut
611 928 900 972 membrorum
939 928 1175 973 debilitatio
1211 929 1458 984 intercedat,
1494 930 1579 972 iam

82 996 170 1032 non
198 989 373 1037 metuat,
402 982 478 1026 sed
505 982 720 1026 fortunata
748 999 917 1042 semper
954 991 1165 1042 expectet.
1222 985 1431 1029 Instantia
1466 986 1578 1029 enim

50 1038 59 1097 j
83 1039 121 1081 si
150 1039 389 1091 mutaverit,
420 1038 599 1082 salutem
630 1054 740 1097 quae
769 1039 890 1083 deest
916 1040 1090 1095 adferet,
1125 1042 1432 1084 infortunatum
1462 1042 1579 1100 quod

55 1132 58 1141 1
81 1093 205 1138 adest
233 1093 430 1152 expellet.
483 1094 655 1139 Scribat
681 1097 839 1154 itaque,
870 1103 913 1139 et
932 1096 1223 1155 superioribus
1244 1112 1347 1140 vera
1367 1097 1445 1140 hec
1468 1112 1578 1155 quae

49 1183 61 1208 3
79 1157 284 1196 secuntur
307 1150 525 1207 adiungat.

51 1276 54 1278 .
194 1219 233 1260 2.
292 1218 411 1276 Rege
430 1219 616 1275 Hugone
634 1219 880 1264 Provintiae
908 1221 952 1262 in
972 1221 1166 1278 partibus
1185 1221 1398 1275 defuncto,
1421 1222 1577 1265 Beren-
1594 1227 1649 1262 (1·)

48 1275 189 1331 -ζζςω-ἰὶ
218 1289 375 1318 nomen
404 1274 572 1331 celebre
600 1275 719 1342 apud
747 1275 984 1331 nonnullas,
1012 1277 1236 1343 presertim
1265 1277 1382 1335 apud
1411 1277 1574 1321 Greeas
1593 1267 1760 1296 ⁹⁴⁷'⁹⁵⁰·

55 1331 223 1374 'extitit
247 1331 453 1374 nationes.
511 1331 555 1374 Is
583 1346 697 1374 emm
726 1331 886 1375 Italicis
916 1333 1113 1376 ommbus
1142 1333 1464 1391 principabatur
1492 1335 1574 1377 vir-

53 1391 184 1441 finite,
212 1401 292 1429 rex
318 1401 424 1430 vero
452 1387 680 1430 Lotharius
710 1388 800 1431 solo
829 1389 1041 1432 nomine¹.
1086 1388 1390 1433 Constantinus
1418 1389 1478 1433 ita
1508 1405 1574 1445 ue,

51 1441 168 1500 ficui,
197 1442 374 1486 deiectis
393 1443 587 1486 Romano
617 1443 798 1502 filiisque
819 1445 921 1500 suis,
951 1444 1380 1503 Constantinupoleos
1398 1461 1444 1488 re
1478 1461 1500 1489 e
1532 1454 1576 1490 at

74 1499 319 1557 imperium,
359 1498 524 1553 audito,
566 1500 872 1557 Berengarium
942 1502 1101 1545 otentia
1136 1508 1324 1560 prestare
1361 1502 1422 1544 Lo
1471 1503 1575 1557 ario,

50 1576 71 1607 -f
133 1569 156 1597 r
182 1554 401 1598 Andream
468 1555 653 1599 uendam
693 1557 766 1614 qui
795 1556 850 1599 ab
887 1571 912 1599 o
963 1558 1030 1600 cio
1069 1558 1227 1600 comis·
1266 1558 1425 1601 curtis²
1464 1558 1575 1601 dice-

107 1617 230 1666 atur,
275 1610 418 1655 literas
438 1570 720 1668 derengario
765 1613 936 1669 dirigit,
979 1614 1023 1655 in
1067 1614 1222 1672 quibus
1266 1613 1574 1669 continebatur,

47 1668 52 1671 ’
74 1666 349 1711 vehementer
376 1683 422 1710 se
450 1667 700 1725 Berengarii
730 1669 925 1712 nuntium
954 1668 1063 1713 velle
1091 1669 1259 1725 videre3
1290 1671 1412 1713 cuius
1440 1670 1485 1713 in
1510 1685 1574 1713 re-

51 1721 170 1771 {ditu
211 1732 511 1780 cognosceret,
555 1732 714 1790 quanta
756 1739 854 1768 eum
896 1727 1070 1770 caritate
1113 1724 1319 1782 diligeret.
1392 1726 1486 1770 Scri
1520 1727 1575 1770 sit

74 1779 204 1822 etiam
235 1787 279 1823 et
296 1779 670 1823 commendaticias
690 1781 828 1824 eidem
879 1796 926 1824 ro
945 1781 1148 1825 Lothario
1167 1781 1342 1837 litteras,
1372 1790 1419 1826 ut
1437 1782 1466 1824 fi
1498 1781 1574 1827 elis

54 1835 117 1886 „ei
146 1842 260 1879 esset
286 1834 615 1890 administrator,
645 1837 716 1879 cui
745 1837 825 1880 deo
869 1838 1059 1895 argiente
1080 1839 1282 1882 extiterat
1299 1837 1572 1893 gubernator.

48 1890 383 1935 Constantinus
430 1906 614 1950 namque
661 1891 989 1937 sollicitudinem
1032 1909 1118 1937 non
1161 1909 1339 1952 parvam
1382 1894 1574 1938 Lotharii

74 1961 155 2006 pro
183 1946 319 1991 salute
348 1946 544 2002 habebat,
575 1947 773 2014 religiose
801 1949 855 1993 ob
876 1964 1067 1993 amorem
1088 1964 1219 1993 nurus
1240 1966 1343 1994 suae
1365 1951 1570 2008 cogitans,

67 2017 188 2061 <quae
217 2003 408 2047 Lotharii
436 2018 556 2047 soror
584 2011 783 2048 extiterat
792 2012 821 2048 ⁸.

43 2109 46 2111 Α
187 2072 227 2115 3.
285 2071 568 2129 Berengarius
598 2073 756 2131 itaque,
787 2073 1013 2117 calliditate
1043 2089 1130 2131 qua
1158 2080 1249 2117 erat
1268 2075 1567 2118 suffarcinatus

72 2129 280 2185 cogitans,
325 2142 452 2186 quem
496 2129 765 2186 potissimum
811 2130 1007 2183 mitteret,
1051 2130 1121 2172 cui
1166 2129 1225 2172 nil
1268 2131 1470 2188 inpensae
1513 2131 1569 2174 ob

53 2188 55 2190 '
73 2183 238 2227 itineris
259 2184 610 2251 longinquitatem
630 2185 839 2243 preberet,
868 2186 1080 2239 vitricum,
1102 2186 1223 2228 cuius
1244 2193 1345 2230 tune
1367 2186 1446 2229 sub
1467 2201 1571 2230 cura

72 2238 299 2296 degebam,
335 2255 533 2284 vemens:
574 2241 747 2295 ‘Quanti
789 2241 914 2294 mihi',
951 2243 994 2283 in
1027 2242 1108 2295 uit,
1147 2246 1284 2297 ‘esset,
1324 2243 1569 2301 privignum

47 2301 195 2350 „tuum
224 2294 386 2340 Grecas
414 2295 556 2339 literas
585 2311 671 2339 non
701 2297 936 2353 ignorare‘?
1033 2298 1077 2340 ui
1107 2312 1206 2341 cum
1235 2298 1415 2342 diceret:
1464 2299 1567 2343 ‘Utb

50 2350 322 2396 divitiarum
367 2366 556 2395 mearum
596 2367 648 2396 ea
690 2353 827 2410 gratia
869 2360 1033 2410 partem
1070 2354 1254 2397 mediam
1298 2354 1567 2399 distributam

72 2406 299 2452 haberem!
356 2408 452 2451 Non
483 2410 680 2462 necesse’,
717 2409 787 2463 ait,
823 2408 981 2463 ‘habes,
1020 2424 1158 2467 neque
1188 2411 1462 2454 centesimam
1492 2411 1567 2454 im-

52 2464 236 2523 jpertiri.
276 2463 769 2522 constantinopolitanus
797 2466 1028 2522 imperator
1056 2464 1204 2510 litteris
1233 2475 1337 2520 orat,
1357 2473 1405 2510 ut
1424 2481 1566 2510 meum

46 2519 131 2564 >ad
160 2535 205 2564 se
233 2521 428 2563 nuntium
467 2520 663 2577 dirigam.
721 2520 851 2575 Quod
890 2536 989 2565 cum
1027 2522 1083 2565 ob
1118 2522 1248 2564 animi
1286 2524 1566 2567 constantiam

51 2627 107 2663 ᾗ.)
128 2635 191 2656 ιω
211 2636 283 2663 par·
302 2630 396 2663 ρὶοηα
423 2631 446 2658 1.
476 2630 643 2663 odys-(fleant
662 2629 793 2662 soriam
815 2637 905 2656 rocea-
927 2631 1022 2657 eoml·
1040 2632 1170 2664 proriae
1190 2634 1319 2665 sequenti
1338 2634 1565 2674 conigunqendam

52 2668 54 2671 “
72 2675 143 2700 mc,
163 2668 231 2695 dua
251 2669 282 2695 in
302 2670 393 2696 eodm
412 2669 526 2695 duabsu
545 2670 628 2695 “neh
649 2669 904 2697 hebenum-‚Comi-
926 2677 988 2696 una
1010 2678 1080 2703 pan
1102 2671 1196 2697 curtl-
1217 2672 1246 2699 8.
1329 2672 1360 2706 b)
1381 2678 1413 2699 ut
1440 2674 1463 2699 Ι.

55 2764 57 2766 ’
78 2753 118 2799 ι)
142 2756 332 2792 Ῑιοὼῑῆῦ·
357 2758 394 2792 in
420 2757 551 2792 chartis
577 2758 650 2792 min
676 2758 931 2801 Boranga-rium
958 2769 1132 2793 summum
1159 2760 1259 2803 regni
1286 2761 1395 2793 nostri
1422 2759 1564 2794 comili-

74 2805 189 2839 ntinm
215 2806 272 2840 vel
299 2811 498 2841 consortem
523 2811 641 2841 vocat.
732 2806 772 2846 2)
790 2802 901 2851 κόμης
919 2805 981 2851 τῆς
998 2804 1137 2854 κόρῐης,
1164 2808 1366 2853 praefectus
1384 2809 1563 2853 praetorio

51 2852 118 2898 8)
145 2854 253 2890 Bona
276 2854 334 2890 vel
361 2854 535 2897 Endocin,
562 2866 654 2899 quae
680 2865 773 2890 anno
799 2856 870 2889 9⁴9
897 2854 998 2890 obiit.
