1838 3210
327 235 370 266 66
504 230 804 266 LIUDPRANDI
831 226 1179 263 ANTAPODOSIS.
1228 226 1324 260 LIB.
1351 225 1422 259 111.
1474 225 1630 260 20-29.

325 352 524 399 caeteros,
554 352 600 386 ut
628 342 825 394 diximus,
859 339 1040 383 abdicat.
1106 339 1192 393 Qui
1231 338 1358 381 etiam
1395 343 1443 380 ut
1480 344 1653 394 ceptum
1692 352 1814 396 opus·

326 402 485 444 firmius
518 406 713 456 patraret,
748 412 844 439 cum
883 395 1237 452 Porphyrogeniti
1276 401 1410 437 matre
1448 395 1546 447 Ζοη,
1585 392 1690 436 zoi·
1726 408 1800 438 no-

325 459 449 512 mine,
491 455 659 499 veneria
698 460 763 495 est
800 451 1020 494 dulcedine
1056 450 1294 492 iunctus¹¹'.
1370 449 1481 492 Tota
1513 463 1616 492 mox
1649 449 1821 494 civitas

255 499 310 534 (δ’)
326 520 560 565 coronatur,
590 517 631 553 et
659 510 870 551 Romanus
899 514 1021 564 pater
1047 505 1241 548 vasilleos
1270 506 1325 548 ab
1358 505 1554 549 omnibus
1581 503 1799 563 spellam.

436 570 501 612 27.
559 566 768 622 Pugnanti
798 570 987 620 preterca
1022 577 1119 604 cum
1158 561 1370 618 Bulgariis
1404 561 1442 604 F
1443 575 1520 604 oca
1550 561 1810 617 domatioo,¹

327 626 397 682 qui
427 632 468 667 et
506 625 595 680 ipse
631 628 749 678 pater
784 618 979 662 vasilleos
1024 618 1221 661 ardenter
1259 618 1350 660 fieri
1385 616 1596 675 cupiebat,
1630 617 1726 675 ipso
1754 618 1799 661 in

326 679 433 723 bello
470 679 522 722 de
562 677 751 720 hostibus
785 676 879 733 iam?
908 674 1168 731 triumphum
1205 673 1376 727 tenenti,
1415 673 1520 732 quid
1552 687 1580 716 a
1607 673 1807 717 Romam

325 745 463 780 aetum
493 736 546 778 sit
573 733 800 775 nuntiatur.
858 731 942 784 Qui
972 745 1073 773 mox
1101 730 1241 772 animo
1262 736 1555 773 consternatus
1582 729 1809 788 minioque

325 792 466 835 dolore
496 788 750 846 compulsus,
779 788 978 830 victoriae
1007 787 1176 842 signum
1214 800 1299 843 quo
1328 784 1472 830 hostes
1503 786 1512 795 '
1621 785 1809 829 uebatur*

326 847 518 915 proiecit,
570 854 688 901 terga
730 844 870 896 vertit,
922 843 1065 899 fugam
1110 856 1209 884 suos
1253 842 1358 885 inire
1400 841 1511 886 fecit.
1650 847 1802 899 parant

327 913 469 961 itaque
514 901 700 958 Bulgarii
745 899 953 942 Simeonis
1003 899 1169 941 hortatu
1217 898 1395 952 animos,
1447 905 1491 942 et
1531 911 1638 964 quos
1680 898 1800 955 prius

173 992 218 1018 A„
254 952 310 1017 ξιξ
327 960 502 1003 adverso
544 958 680 1000 Marte
722 955 767 997 fu
800 961 929 1008 erant,
977 970 1179 1011 prospero
1260 954 1502 997 ostmodum
1543 961 1801 1008 insecuntur,

223 1000 253 1023 κ’
306 1009 522 1072 'tantaque
561 1021 661 1056 tunc
703 970 962 1054 Acfiivorum
992 1018 1153 1067 strages
1201 1025 1224 1053 e
1273 1011 1402 1065 citur,
1449 1016 1499 1054 ut
1538 1009 1662 1063 longo
1705 1015 1804 1068 pont
1837 1039 1838 1042 =

324 1080 510 1129 tempore
540 1083 715 1125 campus
745 1067 893 1125 plenus
923 1065 1087 1109 ossibus
1116 1066 1330 1110 videretur
1341 1074 1370 1109 ².

182 1156 190 1166 .
245 1158 302 1185 30,
435 1127 549 1169 *28³
599 1125 727 1169 Omni
775 1123 957 1180 denique
998 1137 1093 1164 cum
1142 1122 1408 1166 festinatione
1445 1123 1532 1165 iam
1558 1121 1803 1165 nominatus

202 1166 231 1190 p·
303 1177 459 1227 'Focas
494 1181 748 1224 domesticus
787 1178 1191 1235 Constantinopolim
1230 1178 1358 1232 redjt3
1395 1177 1598 1235 palatium
1634 1177 1813 1235 ingredi

322 1241 449 1297 cupit,
478 1239 522 1280 vi
549 1244 591 1280 et
618 1251 703 1279 non
740 1242 828 1278 arte
897 1242 988 1278 ater
1013 1233 1207 1277 vasilleos
1242 1234 1333 1277 fieri
1362 1234 1528 1291 satagit.
1585 1233 1674 1278 Sed
1730 1233 1815 1276 ιιὶο,ι

323 1297 399 1339 ‘vis
429 1293 590 1338 consilii
617 1306 770 1349 expers
798 1306 868 1333 mo
885 1306 907 1334 e
936 1291 1019 1333 ruit
1047 1292 1154 1345 sua’,
1184 1297 1226 1334 et
1257 1297 1303 1333 ut
1329 1289 1540 1334 Flaccus³
1569 1249 1804 1344 dicitffDii

322 1357 600 1417 temperatum
629 1348 866 1406 provehunt
892 1347 935 1389 in
964 1346 1123 1401 maius',
1153 1362 1179 1389 a
1206 1347 1401 1389 Romano
1436 1346 1694 1390 domesticus
1721 1347 1802 1390 isto

324 1415 497 1465 capitur,
527 1413 653 1462 atque
682 1411 860 1461 utroque
887 1403 1045 1446 lumine
1075 1403 1303 1460 privatur⁴.
1361 1403 1573 1460 Bulgariis
1610 1416 1702 1446 non
1724 1402 1802 1445 mi-

322 1465 435 1506 nima
476 1463 540 1504 vis
581 1467 779 1516 augetur,
832 1459 980 1516 hisque
1017 1458 1178 1502 Grecos
1222 1458 1510 1516 depopulandi
1550 1458 1796 1502 videsitudn

324 1518 452 1576 dupla
478 1516 731 1574 rependitur.

433 1574 501 1617 29.
544 1573 671 1615 Hunc
700 1572 853 1615 etenim
883 1571 1124 1614 Simeonem
1153 1572 1390 1628 emiargon,
1427 1569 1473 1613 id
1501 1577 1566 1615 est
1601 1571 1801 1629 semigre-

325 1646 421 1674 cum
453 1663 462 1684 ,
491 1644 581 1673 esse
609 1629 788 1681 aiebant,
819 1642 868 1670 eo
898 1627 1013 1684 quod
1041 1642 1067 1669 a
1103 1627 1291 1683 puericia
1318 1627 1500 1670 Bizantii
1528 1626 1814 1671 Demostenis,

323 1686 569 1730 rhetoricam
617 1682 938 1740 Aristotelisque
985 1683 1220 1740 silogismos
1266 1683 1474 1727 didicerit.
1547 1682 1654 1726 Post
1696 1682 1807 1736 liaeo

323 1749 462 1786 autem
492 1740 645 1784 relictis
673 1741 826 1782 artium
854 1739 1016 1793 studiis,
1046 1747 1094 1782 ut
1122 1740 1239 1782 aiunt
1273 1739 1603 1782 conversationis
1630 1745 1810 1782 mem

323 1798 511 1841 habitum
553 1797 743 1853 sumpsit.
809 1795 966 1838 Verum
1014 1794 1141 1852 paulo
1185 1801 1282 1852 post
1322 1794 1530 1852 regnandi
1572 1795 1813 1852 cupiditate

324 1855 542 1910 deceptus,
582 1868 636 1896 ex
673 1851 838 1908 placida
876 1852 1119 1894 monasterii
1156 1853 1297 1909 quiete
1331 1852 1376 1893 in
1413 1850 1546 1895 seculi
1572 1849 1814 1909 procellam

324 1910 526 1961 transivit,
557 1908 764 1965 elegitque
824 1908 932 1950 otius
959 1913 1194 1964 apostatam
1224 1907 1456 1962 Iulianum,
1491 1921 1621 1965 quam
1649 1906 1803 1951 beatis·

325 1966 477 2008 simum
505 1966 676 2008 Petrum
707 1978 781 2006 cae
799 1964 896 2006 estis
935 1964 1054 2020 regni
1091 1965 1211 2021 sequi
1250 1963 1357 2006 clav‘
1391 1978 1524 2007 emm.
1580 1963 1667 2017 Qui
1694 1961 1809 2006 duo·

324 2021 431 2064 filios
469 2021 635 2074 habuit,
670 2035 800 2062 unum
838 2020 1007 2063 nomine
1045 2020 1303 2074 Baianums,
1341 1978 1540 2075 liffterum,
1577 2019 1652 2077 qui
1687 2033 1805 2062 mmo

325 2091 458 2135 usque
502 2083 692 2133 superest
733 2082 1008 2132 potenterque
1050 2075 1262 2132 Bulgariis
1305 2076 1589 2142 principatur,
1631 2075 1806 2119 nomine

324 2133 494 2177 Petrum
506 2140 536 2174 θ.
593 2133 801 2174 Baianum
838 2139 979 2173 autem
1016 2132 1122 2174 adeo
1158 2132 1272 2174 foere
1285 2133 1304 2160 ‘¹
1343 2145 1553 2189 magicam
1591 2130 1803 2186 didicisse,

323 2196 371 2287 pt
412 2203 467 2230 ex
505 2188 672 2230 homine
716 2188 854 2231 subito
892 2187 981 2230 fieri
1017 2186 1165 2244 lupum
1205 2202 1572 2246 quamvecumque
1610 2199 1819 2231 cerneresvr

341 2259 455 2287 eram
472 2252 501 2288 ”.
1803 2267 1806 2271 -

327 2356 357 2391 ιι)
379 2359 419 2383 ita
438 2358 546 2391 scrib05
566 2357 627 2384 Ζοι.
650 2364 702 2383 zoe
727 2359 758 2390 ις
777 2358 871 2383 littera
897 2366 908 2384 ι,
929 2359 959 2383 in
979 2359 1039 2384 loco
1060 2365 1129 2384 raso
1150 2366 1239 2385 marm
1258 2359 1392 2386 ooenmda.
1490 2356 1523 2391 b)
1543 2357 1692 2391 omen&
1711 2363 1807 2391 unu

327 2397 365 2422 ad
384 2397 435 2430 1v,
458 2399 490 2430 ὃς
512 2397 560 2422 cui
581 2397 637 2422 hoc
659 2397 783 2422 nomine
803 2397 911 2426 desunt,
933 2398 1014 2423 nulla
1036 2397 1140 2423 lacuna
1163 2399 1289 2425 indicata
1311 2398 1338 2424 8.
1409 2396 1437 2432 c)
1458 2400 1544 2430 caput
1564 2397 1615 2424 hoc
1634 2400 1660 2423 et
1679 2403 1801 2430 aequm

327 2443 414 2468 usque
433 2436 472 2462 ad
491 2436 664 2468 silogismos
685 2443 771 2462 manu
792 2436 974 2468 Lindprandi
993 2437 1129 2469 scriptum
1149 2440 1189 2464 ece
1209 2438 1240 2464 in
1261 2438 1321 2464 loco
1343 2445 1434 2463 vacuo
1454 2436 1564 2464 relicto.
1613 2434 1646 2471 d)
1656 2435 1800 2464 aarum.

328 2540 365 2585 1)
391 2542 502 2575 Immo
528 2542 623 2575 Zoen
648 2546 833 2585 augustam
860 2543 904 2575 ob
938 2543 1102 2576 veneficii
1136 2545 1372 2588 suspicionem
1406 2544 1443 2576 in
1468 2543 1719 2577 monasterium
1745 2551 1813 2576 reu

325 2591 438 2624 trusit.
512 2587 550 2633 2)
577 2590 632 2624 Cf.
659 2591 702 2623 de
728 2591 795 2624 hae
820 2602 940 2634 pugna
965 2593 1095 2635 Georg.
1122 2593 1289 2627 Monach.
1316 2593 1361 2626 de
1388 2593 1510 2626 Const.
1530 2592 1661 2636 Porph.
1680 2601 1713 2626 ο.
1733 2590 1798 2624 16:

327 2634 476 2683 αἵματός
500 2649 537 2672 τε
561 2636 658 2683 χύσις
684 2637 744 2672 ota
769 2635 808 2679 ἐξ
825 2638 952 2681 αἰῶνος
968 2637 1008 2674 οὗ
1029 2639 1171 2684 γέγονεν.
1248 2642 1286 2684 3)
1314 2641 1382 2676 Od.
1401 2641 1472 2683 111,
1498 2641 1534 2676 4.
1553 2641 1611 2676 65.
1684 2637 1726 2683 4)
1744 2639 1799 2674 cf.

326 2688 455 2721 Leonis
480 2687 632 2721 Diaconi
667 2688 760 2721 Hist.
792 2688 816 2722 l.
842 2688 913 2721 VII
940 2699 970 2722 c.
999 2691 1035 2731 7,
1075 2691 1135 2733 qui
1170 2690 1213 2723 de
1248 2691 1380 2724 Leonis
1412 2691 1555 2724 phocae
1581 2688 1739 2723 consiliis
1763 2691 1815 2722 etv

327 2737 422 2770 exitu
445 2735 575 2770 similia
598 2741 726 2778 narrat,
751 2736 814 2770 sed
838 2740 995 2781 tempore
1021 2739 1148 2781 stragis
1173 2739 1268 2773 illius
1287 2739 1331 2772 ad
1350 2739 1547 2773 Acheloum
1563 2739 1709 2772 fluvium
1726 2736 1804 2771 edi·

326 2788 384 2818 tae
408 2785 585 2819 Romanus
610 2785 763 2818 nondum
789 2789 888 2829 pater
913 2789 1053 2830 augusti
1078 2787 1316 2831 proclamatus
1335 2793 1420 2822 erat.
1495 2787 1535 2830 5)
1551 2786 1808 2822 Beniamimum

326 2836 456 2866 vocant
480 2843 559 2867 oum
585 2837 748 2867 auctores
775 2833 916 2868 Graeci.
1007 2836 1045 2879 6)
1070 2837 1181 2870 Annis
1208 2837 1412 2870 927—969.
1506 2835 1544 2880 7)
1570 2835 1627 2871 Cf.
1653 2835 1803 2878 (irinum,

327 2882 506 2916 Deutsche
531 2882 748 2926 Mythologie
778 2883 881 2916 1048.
