1838 3210
170 226 475 262 LIUDPRANDI
500 225 847 261 ANTAPODOSIS.
898 225 994 259 LIB.
1021 224 1092 258 111.
1144 223 1301 257 24—25.
1420 223 1467 257 63

42 331 52 348 ³
86 340 354 397 imperatore.
410 337 500 382 Nec
542 344 629 381 tam
672 351 751 395 pro
793 337 857 380 rei
898 336 1084 379 novitate
1127 342 1202 378 aut
1244 349 1467 378 munerum

27 413 73 447 f:
94 394 286 450 ··tudine‚
315 402 518 453 quantum
548 395 762 452 quoniam,
792 392 895 436 dum
923 391 1111 450 prefatus
1130 391 1298 448 genitor
1316 391 1467 434 Tessa-

78 471 106 489 ι.
130 472 151 489 u
191 451 388 504 venisset,
419 450 671 494 Sclavorum
710 448 897 507 quidam,
946 448 1019 506 qui
1058 446 1235 491 rebelles
1272 447 1467 490 Romano

27 560 29 562 v
50 513 52 516 ’
80 507 225 551 -ratori
244 507 470 551 extiterant
489 514 729 564 terramque
750 506 841 548 eius
862 502 1191 562 depopulabant,
1221 517 1350 560 super
1370 519 1467 546 eum

51 569 203 608 erunt.
260 563 421 606 Verum
449 562 520 605 dei
548 569 690 606 actum
721 568 786 604 est
813 562 984 618 pietate,
1014 565 1062 602 ut
1082 559 1166 602 duo
1186 574 1333 603 eorum
1354 561 1468 618 prin-

27 620 43 657 ἰ
66 640 93 657 ·.
127 619 230 674 vivi,
257 617 468 662 nonnullis
506 619 698 672 mortuis,
736 624 1001 675 caperentur.
1074 616 1193 670 Quos
1231 614 1335 658 dum
1374 631 1468 673 pre·

11 726 14 728 v
40 696 87 716 w.-
130 682 164 719 ·t
190 675 447 732 imperatori,
477 675 670 717 inmensa
697 681 761 718 est
795 673 973 716 affectus
1009 672 1190 726 laeticia,
1226 686 1467 730 magnoque

25 781 35 784 ⁴
65 746 117 776 eo
154 733 322 787 genitor
360 746 534 775 munere
573 730 710 784 datus,
748 729 804 772 ad
843 729 1071 786 Hugonem
1109 742 1268 785 regem,
1309 729 1384 786 qui
1422 743 1468 772 se

16 802 88 842 >··c
117 788 406 830 transmiserat
416 794 447 842 ¹,
477 785 602 830 rediit
637 785 783 829 laetus.
855 786 959 828 Post
995 784 1180 827 reditum
1219 798 1321 827 vero
1362 785 1467 839 eius,

46 843 126 886 ·cis
163 844 420 900 interpositis
460 842 634 896 solibus,
671 841 847 898 langore
886 847 1118 898 correptus,
1163 841 1468 883 monasterium

14 899 102 951 §ft
143 907 400 957 sanctaeque
442 899 775 942 conversationis
820 898 1012 941 habitum
1051 897 1251 953 sumpsit;
1295 897 1340 939 in
1383 911 1467 955 quo

105 954 196 999 dies
224 955 312 998 XV
340 963 545 1008 mortuus,
588 969 657 998 me
700 953 877 1011 parvulo
921 952 1123 997 derelicto
1167 953 1369 1010 migravit
1410 952 1467 996 ad

13 1016 25 1063 ’ᾖ
48 1011 212 1054 ninum.
277 1011 402 1054 Nunc
441 1017 582 1054 autem
622 1011 823 1068 quoniam
867 1009 1135 1067 imperatoris
1175 1011 1377 1064 Ρομανοῢ,
1421 1008 1466 1051 id

18 1068 30 1082 ''
69 1067 262 1122 Romani,
293 1068 451 1111 mentio
489 1068 600 1110 facta
629 1073 705 1120 est,
746 1066 841 1123 quis
877 1066 1005 1108 fuerit
1042 1064 1277 1123 qualiterve
1306 1065 1361 1108 ad
1389 1065 1465 1108 im-

16 1125 40 1184 '‚
56 1124 85 1135 ‘'
126 1122 293 1208 cudmen
330 1123 585 1181 pervenerit,
629 1122 699 1165 hic
742 1137 828 1165 non
872 1121 1106 1166 absurdum
1151 1121 1255 1163 mihi
1298 1121 1467 1165 videtur

55 1200 60 1205 ¹
100 1194 161 1223 re
196 1211 206 1222 .

89 1247 156 1291 25.
198 1247 440 1306 Imperante
459 1247 615 1301 Leone,
637 1246 906 1290 Constantini
923 1246 1048 1289 huius
1062 1246 1264 1303 genitore,
1283 1249 1466 1300 Ρομανος
1481 1258 1537 1295 (6.)

33 1311 208 1348 ‘eerator
234 1305 326 1358 iste,
370 1318 630 1362 quamquam
670 1304 837 1356 πτοχός,
876 1303 1067 1360 ptochos,
1106 1301 1151 1345 id
1190 1308 1254 1346 est
1291 1317 1467 1360 pauper,

19 1373 36 1413 2·
63 1359 260 1403 omnibus
289 1366 431 1403 tamen
459 1361 674 1417 χρήσιμος,
714 1359 949 1414 chrisimos,
988 1357 1035 1401 id
1073 1365 1138 1402 est
1172 1357 1302 1413 utilis,
1343 1358 1469 1403 habe-

15 1421 21 1469 ]
63 1436 69 1454 ·
119 1425 147 1459 ¹.
203 1416 310 1459 Erat
335 1423 477 1459 autem
506 1431 561 1459 ex
590 1415 878 1459 mediocribus
907 1415 1025 1473 ipsis,
1056 1415 1130 1473 qui
1159 1414 1303 1458 navali
1321 1430 1469 1481 pugna

18 1471 190 1517 endia
232 1471 286 1515 ab
328 1472 583 1530 imperatore
625 1478 892 1529 acceperant.
964 1471 1051 1525 Qui
1097 1485 1194 1514 cum
1243 1485 1388 1529 seplus
1426 1479 1468 1515 et

24 1531 42 1585 [ἐζ
99 1548 120 1567 u
160 1543 220 1580 εις
247 1543 322 1582 την
351 1543 483 1582 μαχην
535 1529 571 1571 is
609 1529 671 1571 tin
701 1528 883 1582 machin,
923 1526 968 1570 id
1003 1534 1066 1570 est
1094 1527 1140 1569 in
1168 1542 1328 1584 pugna,
1364 1543 1466 1571 non-

31 1590 81 1645 {¹³
120 1585 421 1641 χρησιμότατα,
453 1599 475 1626 c
507 1585 754 1639 risimotata,
785 1583 830 1626 id
859 1590 924 1627 est
960 1582 1091 1637 utilia,
1130 1583 1298 1638 faceret,
1329 1599 1355 1627 a
1384 1583 1466 1627 sibi

27 1643 196 1699 ..prosto
225 1640 331 1684 adeo
370 1645 547 1695 ετιμηθη
560 1649 589 1695 ⁶,
625 1640 740 1691 ὅπως
770 1643 1104 1698 προτοκαραβος,
1144 1639 1323 1683 etimithi
1361 1654 1385 1683 o
1420 1656 1466 1683 os

36 1703 47 1753 j
83 1710 291 1752 caravos,
331 1697 375 1740 id
411 1704 475 1740 est
503 1697 732 1740 honoratus
771 1703 847 1751 est,
886 1703 934 1739 ut
971 1695 1132 1753 primus
1160 1696 1337 1738 navium
1405 1698 1466 1740 eri

80 1760 223 1797 retur.
281 1752 479 1808 Quadam
507 1761 650 1796 autem
678 1760 815 1807 nocte,
858 1751 961 1795 dum
991 1750 1260 1808 exploratum
1292 1751 1466 1796 Sarace-

81 1808 229 1864 abiret,
258 1816 451 1867 essetque
480 1809 630 1852 eodem
659 1809 701 1851 in
731 1808 825 1851 loco
855 1808 979 1866 palus
1007 1815 1136 1865 atque
1164 1808 1466 1853 arundinetum

92 1866 321 1919 modicum,
359 1865 539 1922 contigit
574 1865 738 1908 leonem
775 1864 1084 1907 ferocissimum
1125 1879 1180 1908 ex
1215 1865 1465 1909 arundineto

81 1921 91 1932 '
111 1922 121 1932 '
155 1950 183 1973 ‚
213 1935 520 1979 cervorumque
549 1920 862 1965 multitudinem
900 1921 945 1963 in
984 1919 1184 1978 paludem
1214 1920 1465 1979 dimergere,

79 1992 196 2035 nque
235 1991 381 2021 eorum
421 1992 586 2035 capere,
625 1977 801 2035 sicque‘¹
844 1978 1006 2020 ventris
1053 1975 1215 2020 rabiem
1257 1977 1464 2035 mitigare.

75 2035 184 2084 vos*
215 2034 262 2078 δὲ
290 2034 382 2076 τὸν*
414 2032 550 2077 αὒτων
579 2035 724 2090 ψόφον
744 2049 908 2076 ακουων
925 2035 1151 2076 εδειλιασεν
1181 2034 1293 2091 σφόδ
1325 2050 1365 2088 α,
1384 2034 1489 2077 Ro-·
1513 2053 1625 2073 nomen

24 2104 127 2142 „yos
161 2088 215 2133 de
250 2095 324 2132 ton
358 2098 488 2133 auton
517 2089 671 2147 psofon
709 2103 847 2132 acuon
884 2088 1087 2133 ediliasen
1116 2089 1276 2143 sfodra,
1354 2086 1645 2136 oma-P‘01'fl‘m·

68 2153 85 2175 ⁸
114 2151 254 2189 autem
286 2160 432 2189 eorum
463 2145 645 2189 sonitum
674 2145 875 2200 audiens,
913 2146 1054 2189 timuit
1090 2143 1227 2189 valde.
1295 2147 1468 2190 Putavit

23 2199 80 2259 [gu
139 2201 446 2245 Saracenorum
494 2201 807 2245 multitudinem
856 2216 960 2256 esse,
997 2201 1071 2259 qui
1110 2216 1156 2243 se
1192 2210 1466 2261 conspectum

29 2257 127 2313 ‚nde
154 2256 298 2315 aliqua
324 2256 479 2302 vellent
506 2257 757 2316 perhimere.
825 2260 996 2315 Ορθρου
1036 2258 1083 2300 δὲ
1113 2260 1290 2314 βαθεως,
1322 2259 1467 2302 orthru

22 2312 250 2369 4vatheos,
281 2313 325 2357 id
354 2322 419 2357 est
447 2328 571 2356 mane
609 2320 751 2357 autem
791 2314 928 2370 primo
969 2327 1196 2370 exurgens,
1237 2329 1334 2358 cum
1375 2314 1466 2358 dili-

32 2369 226 2413 tissime
256 2376 411 2413 cuncta
440 2369 739 2423 consideraret,
780 2370 1021 2427 conspectis
1051 2371 1155 2413 vesti
1189 2370 1254 2424 iis,
1294 2370 1464 2426 εὐθέως,

25 2412 169 2480 “weos,
200 2424 243 2468 id
273 2432 336 2469 est
364 2426 518 2479 statim,
550 2424 652 2483 quid
675 2426 754 2468 hoc
774 2433 897 2478 esset,
927 2426 1115 2483 agnovit.
1197 2441 1301 2471 eone
1323 2428 1466 2486 itaque

1501 2125 1658 2153 articulus.

26 2475 290 2526 ‘iu-undineto
310 2489 612 2537 commorante,
633 2483 850 2535 Pouuvog',
868 2481 1085 2524 Romanus
1102 2482 1290 2526 Grecum
1310 2484 1466 2541 ignem,
1481 2509 1489 2519 ·
1503 2518 1615 2538 nomm,

28 2543 49 2567 -2'
84 2536 201 2581 nullo
231 2545 371 2595 preter
399 2538 506 2581 aceti
537 2537 699 2595 liquore
729 2538 1003 2595 extinguitur,
1034 2538 1221 2597 undique
1250 2554 1326 2597 per
1344 2555 1467 2584 arun·
1480 2551 1649 2584 mondum·

24 2580 49 2668 ἱ

27 2677 36 2707 5
93 2666 230 2692 minent
254 2666 278 2692 1.
381 2665 411 2698 b)
433 2666 578 2699 nequando
599 2672 688 2699 tuque
708 2673 771 2699 cap.
794 2666 841 2693 u.
864 2666 965 2692 ecilino!
987 2667 1140 2699 quatornio
1162 2674 1247 2698 unm,
1269 2669 1418 2701 perierunt
1440 2669 1466 2694 5.

27 2710 82 2749 32'*
114 2705 155 2739 θη
180 2706 204 2731 l.
286 2704 318 2738 d)
340 2705 427 2737 alque
451 2706 477 2734 1.
557 2704 587 2740 ο)
607 2706 647 2731 ica
669 2706 780 2738 ueripei,
802 2706 832 2731 in
852 2705 944 2732 codice
964 2705 1083 2733 Nomen
1106 2707 1262 2747 proprium
1284 2708 1394 2740 lenitur.

27 2834 55 2864 ,
81 2809 106 2844 f.
134 2821 164 2846 c.
192 2810 257 2852 863
285 2811 506 2847 Constantia.
534 2810 579 2845 de
606 2811 700 2846 adm.
728 2812 813 2856 imp.
841 2823 871 2846 c.
903 2812 956 2854 18,
983 2823 1016 2857 p.
1046 2810 1112 2846 88:
1140 2807 1222 2847 οὔτε
1249 2810 1320 2848 ἀπὸ
1347 2811 1466 2857 γένους

108 2857 164 2893 (ου
189 2860 246 2893 καὶ
271 2855 446 2903 εὐγενοῦς.
