1838 3210
197 207 500 243 LIUDPRANDI
525 206 873 242 ANTAPODOSIS.
923 207 1019 240 LIB.
1046 207 1117 240 111.
1168 207 1326 240 45—47.
1470 206 1514 240 75

40 342 45 348 κ
75 340 78 345 -
100 319 223 362 ·'tam
250 318 451 370 fronesin,
482 318 526 361 id
554 326 619 362 est
646 318 911 376 sapientiam,
939 318 1030 361 Bur
1090 318 1268 362 ndjones
1298 333 1370 361 eos
1391 319 1513 375 quasi

4 386 24 394 ’·
116 395 128 428 ;
186 376 301 419 ‘ones
348 373 499 433 apello,
547 373 616 417 vel
664 373 780 432 quod
822 372 877 416 ob
922 389 1052 431 super
1081 375 1167 416 iam
1210 381 1297 417 toto
1340 382 1512 431 gutture

53 437 264 490 quantur,
294 430 375 486 vel,
404 430 519 489 quod
547 430 691 473 verius
719 436 796 484 est,
833 429 1066 485 edacitatv,
1107 444 1215 488 quae
1246 445 1330 495 per
1399 429 1512 472 ulam

92 507 102 524 ·-
130 494 261 542 cetur,
290 487 416 530 nimis
445 484 716 544 indulgeant'.
772 485 863 529 Nec
902 501 1035 541 mora,
1062 486 1129 530 his
1158 486 1325 540 auditis,
1411 501 1513 543 ugo-

35 543 37 546 ’
65 564 74 579 ’-
92 564 112 580 ··
150 558 294 601 regem
333 543 474 586 cuncti
505 541 718 596 deserunt,
755 548 884 599 atque
912 542 1094 586 eundem
1121 541 1401 586 Albericumb
1433 542 1513 585 sibi

27 604 41 631 ‘³
65 599 244 644 ·minum
273 598 450 656 eligunt3
480 607 523 642 et
550 614 603 641 ne
633 599 826 656 spacium
850 597 1024 656 quidem
1043 598 1196 642 milites
1217 597 1513 642 introducendi

160 670 238 699 rex
273 654 405 712 Hugo
449 655 636 709 haberet,
680 655 956 698 munitionem
1001 654 1221 698 confestim
1265 655 1514 712 obpugnare

119 726 204 812 I316.
261 767 416 826 Liquet
454 767 621 811 divinae
664 767 991 833 dispensationis
1027 767 1108 810 hoc
1146 767 1370 810 consilium
1406 782 1511 821 esse,

10 829 72 878 [ff-t
129 823 215 867 uod
243 838 321 867 rex
350 823 479 881 Hugo
509 831 596 867 tam
624 829 803 881 turpiter
831 830 1003 880 ceperat
1036 822 1206 877 scelere,
1242 839 1340 867 eum
1378 825 1511 866 omni-

8 879 29 937 {J
129 881 139 890 '
192 881 383 938 optinere
412 895 498 923 non
526 894 664 937 posse.
709 879 846 923 Tanto
872 880 1030 936 quippe
1056 886 1121 922 est
1145 886 1303 923 terrore
1325 887 1511 934 coactus,

10 943 72 981 'vt
99 951 177 994 per
202 937 348 979 restim
378 951 423 979 se
452 937 590 993 ipsum
620 950 671 979 ea
699 951 755 979 ex
813 942 903 978 arte
939 949 1025 993 qua
1053 936 1232 979 civitatis
1263 951 1384 979 muro
1420 951 1510 978 mu-

12 1013 56 1029 «π
79 993 127 1035 n‘o
155 991 376 1037 inherebat
403 992 634 1050 deponens,
663 1007 758 1034 eam
818 999 1013 1046 esereret,
1042 999 1171 1049 atque
1200 992 1256 1035 ad
1285 1007 1384 1035 suos
1414 1007 1510 1035 con-

12 1041 25 1069 ³⁵
99 1054 200 1092 eret.
266 1048 338 1091 Ex
370 1047 485 1092 ulsus
522 1049 656 1105 igitur
692 1063 770 1091 rex
809 1048 939 1105 Hugo
979 1062 1077 1090 cum
1116 1048 1280 1105 prefata
1307 1049 1510 1102 Marozia,

12 1106 49 1142 ’Ἣ
72 1118 240 1149 manae
288 1120 340 1148 ur
370 1105 406 1147 is
453 1103 679 1147 Albericus
726 1104 1015 1147 monarchiam
1064 1105 1210 1159 tenuit,
1257 1104 1385 1148 fratre
1433 1120 1510 1147 suo

12 1159 212 1205 ohanne
253 1161 409 1204 summi
446 1167 574 1218 atque
622 1159 871 1204 universahs
912 1159 1176 1217 praesulatus
1218 1160 1310 1204 sedi
1352 1161 1511 1218 praesi-

12 1224 39 1246 '‘·
63 1223 149 1260 nte
157 1225 189 1260 ¹.

13 1282 19 1314 1
132 1273 202 1317 47.
259 1271 393 1316 Aiunt
439 1272 626 1331 quidam,
680 1272 866 1326 Bertam,
921 1271 1119 1371 Huffiinis
1163 1273 1276 1330 regis
1319 1280 1511 1326 matrem,

17 1331 44 1363 -’
65 1326 254 1374 aelberto
293 1329 529 1373 marchioni
565 1329 656 1372 viro
697 1343 774 1372 suo
804 1328 967 1372 nullum
1044 1329 1129 1372 'um
1157 1330 1388 1387 peperisse,
1437 1330 1512 1374 sed

16 1434 24 1438 ⁷*
61 1405 68 1422 ι
106 1385 201 1428 aliis
230 1384 475 1429 mulieribus
505 1384 614 1428 clam
642 1391 855 1442 acceptos,
884 1384 1079 1429 simulato
1109 1392 1248 1443 partu,
1279 1385 1512 1430 Widonem

23 1444 29 1450 ’
92 1439 369 1486 Lambertum
397 1442 478 1485 sibi
507 1442 793 1500 supposuisse,
822 1442 1023 1499 quatinus
1052 1449 1148 1499 post
1176 1449 1355 1485 mortem
1385 1442 1512 1486 Adel-

15 1503 30 1547 ᾗ
52 1517 81 1535 π’-ι
110 1498 128 1531 ·“
180 1497 335 1542 Bertae
373 1496 447 1541 filii
485 1513 572 1540 non
617 1497 823 1552 deessent,
867 1512 1048 1556 quorum
1086 1497 1297 1542 adiutorio
1342 1514 1511 1543 omnem

117 1554 163 1598 'ti
206 1554 274 1597 sui
316 1555 558 1621 potenciam
604 1554 850 1611 possideret.
922 1554 1019 1597 Hoc
1061 1561 1206 1598 autem
1249 1555 1510 1598 mendatium

52 1609 124 1647 ··'‘
165 1608 262 1654 ideo
298 1610 467 1654 videtur
503 1624 598 1654 esse
637 1610 866 1664 inventum,
903 1611 1102 1668 quatinus
1142 1611 1350 1655 incestum
1386 1626 1511 1654 suum

44 1716 49 1718 ,
156 1666 379 1710 occasione
435 1681 513 1710 rex
551 1666 624 1709 Hu
656 1681 681 1708 ο
719 1674 892 1722 tegeret,
940 1666 1140 1709 infamiae
1182 1667 1314 1726 ὓβριν,
1363 1668 1408 1711 id
1448 1676 1512 1711 est

19 1722 32 1736 ³
68 1722 320 1780 pitudinem,
350 1722 563 1766 evaderet.
661 1737 687 1766 a
724 1730 864 1766 tamen
901 1738 1010 1780 quae
1046 1737 1161 1766 nunc
1188 1724 1400 1767 narranda
1434 1732 1510 1779 est,

126 1778 207 1823 hoc
234 1778 397 1823 dictum
425 1779 492 1832 sit,
522 1779 611 1821 veri
640 1777 818 1822 similior
836 1778 940 1822 mihi
959 1779 1129 1823 videtur
1148 1781 1338 1834 assertio.
1385 1780 1510 1823 Lam-

30 1863 39 1887 ,-
61 1841 180 1888 rtus,
209 1835 282 1893 qui
311 1843 409 1893 post
436 1834 634 1879 widonis
660 1835 802 1878 fratris
831 1836 897 1878 sui
920 1843 1099 1879 mortem
1119 1835 1300 1880 Tusciae
1322 1851 1511 1879 marcam

75 1889 204 1946 ebat,
240 1892 307 1935 vir
339 1899 431 1935 erat
467 1890 693 1934 bellicosus
731 1899 774 1936 et
810 1891 866 1934 ad
904 1890 1124 1949 quodlibet
1158 1892 1323 1936 facinus
1352 1893 1509 1936 audax.

25 1952 161 1998 finem
191 1946 245 1991 ob
274 1962 455 2005 regnum
486 1946 681 1991 Italicum
709 1963 787 1991 rex
807 1947 936 2006 Hugo
966 1955 1212 2006 suspectum
1237 1950 1364 1992 nimis
1384 1949 1511 1993 habe-

36 2026 38 2028 ·
61 2009 108 2047 t.
165 2002 363 2047 Timebat
391 2004 518 2057 enim,
547 2019 600 2048 ne
631 2002 848 2047 Italienses
877 2020 922 2047 se
956 2003 1208 2059 desererent,
1238 2012 1281 2048 et
1308 2004 1511 2048 Lamber-

24 2079 57 2107 ,-,·
81 2079 102 2096 ι·
141 2074 163 2101 r
218 2074 286 2103 em
315 2061 631 2104 constituerent.
695 2059 809 2103 Boso
845 2059 1042 2118 denique,
1081 2075 1136 2103 ex
1175 2061 1324 2104 eodem
1362 2068 1511 2119 patre¹

49 2115 133 2166 j-‘s
207 2116 359 2171 ugonis
388 2115 529 2169 frater,
565 2114 813 2159 insidianun
843 2114 1018 2174 laqueos
1049 2116 1148 2159 huic
1212 2126 1418 2170 araverat,
1459 2132 1510 2161 eo

22 2171 69 2205 ’“··
90 2170 139 2214 d
165 2173 259 2238 ipse
289 2171 476 2216 marchio
504 2171 686 2216 Tusciae
715 2172 803 2216 fieri
828 2172 1100 2216 vehementer
1118 2187 1172 2215 an
1203 2172 1355 2218 elabat.
1399 2173 1510 2217 Con-

24 2230 44 2281 ἶ
76 2226 116 2271 ‘o
145 2227 276 2286 igitur
303 2227 454 2271 buius⁶
483 2243 558 2272 rex
588 2227 717 2285 Hugo
738 2228 967 2272 Lamberto
995 2229 1250 2273 cominando
1274 2229 1509 2282 denuntiat,

28 2311 38 2337 ἵν
60 2303 71 2320 ·-
104 2298 150 2327 se
177 2283 347 2328 ftatrem
378 2299 502 2328 suum
532 2283 716 2351 amplius
743 2284 884 2328 dicere
912 2285 1078 2328 audeat.
1136 2285 1181 2328 Is
1205 2301 1319 2341 vero,
1349 2293 1397 2330 ut
1419 2295 1509 2330 erat

180 2339 333 2384 ferocis
361 2348 489 2399 atque
524 2339 675 2384 indisci
707 2339 841 2395 linati,
875 2355 960 2384 non
998 2341 1226 2396 moderate,
1267 2350 1315 2386 ut
1350 2342 1508 2395 debuit,

26 2394 86 2444 5..
140 2395 339 2440 effrenate
381 2398 440 2440 ita
489 2399 670 2453 ‘respon
702 2396 755 2439 it:
813 2396 889 2439 ‘Ne
918 2396 1098 2440 inficiari
1128 2413 1205 2441 rex
1248 2399 1395 2456 possit,
1439 2413 1508 2442 mc

36 2473 41 2485 ·
72 2458 192 2495 trem
222 2467 345 2494 suum
376 2467 480 2507 esse,
509 2467 586 2495 nos
615 2467 700 2495 uno
730 2468 784 2495 cx
814 2467 991 2510 corpore
1019 2453 1287 2512 eundemque
1316 2469 1394 2513 per
1419 2454 1508 2497 adi-

82 2528 89 2546 ·
158 2509 201 2551 in
240 2507 377 2552 lucem
414 2508 633 2566 prodiisse,
677 2507 816 2553 duello
847 2509 1000 2567 cupio‘¹
1041 2511 1205 2555 cunctis
1236 2509 1505 2555 cernentibus

29 2623 56 2672 „j
73 2615 183 2643 edscm
209 2618 233 2644 ι.
316 2617 347 2650 b)
368 2618 504 2645 alberit-n
530 2619 556 2644 1.
639 2617 667 2651 c)
689 2618 756 2645 hina
782 2620 808 2645 1.
889 2618 921 2652 d)
945 2619 1035 2652 copto
1060 2621 1087 2646 ι.

32 2730 57 2765 ’,η
92 2714 146 2751 Cf.
173 2716 263 2761 Leg.
292 2729 324 2751 c.
350 2716 409 2760 62,
446 2717 641 2753 flodoardi
675 2719 768 2753 Hm.
800 2719 900 2754 Rem.
927 2719 1016 2754 eccl.
1045 2719 1094 2753 1v
1123 2730 1154 2754 c.
1181 2721 1247 2754 24:
1287 2721 1509 2766 praedictam

64 2807 67 2814 .
118 2775 172 2799 em
206 2767 360 2810 ipsorum
396 2767 464 2811 (nc.
498 2768 648 2802 Mariam
683 2778 775 2813 quae
810 2773 846 2803 et
876 2767 1046 2812 Man-otia)
1081 2770 1115 2802 in
1151 2769 1311 2804 custodia
1351 2770 1507 2804 clausam

52 2813 171 2848 ebat
196 2814 427 2861 (Albericus),
459 2816 647 2861 nugonem
684 2827 824 2862 qnoque
860 2827 981 2861 regem
1015 2818 1127 2851 Roma
1154 2818 1357 2864 depulerat3
1395 2820 1507 2854 Bene-

28 2897 61 2914 Ψ
140 2864 260 2898 chron.
289 2875 319 2899 c.
346 2865 405 2899 82.
505 2865 545 2909 2)
570 2865 792 2901 Theotbaldo
820 2867 960 2907 comite,
988 2866 1034 2901 cf.
1061 2877 1167 2911 supra
1194 2867 1210 2900 1
1239 2879 1270 2902 c.
1296 2868 1355 2901 39.

33 2943 59 3037 i}

52 3031 60 3068 ἱ

1529 336 1596 364 932.

1527 1285 1606 1321 (13.)

1523 2411 1532 2420 '
1546 2413 1657 2446 1281«.
