1838 3210
326 242 409 274 XIV
803 238 1073 273 PRAEFATIO
1101 238 1344 274 EDITORIS.

332 352 459 402 Quod
489 352 684 393 ultimum
714 356 787 403 est,
817 350 976 407 reliqui
1005 365 1149 393 omnes
1176 350 1278 406 fere
1308 350 1475 393 codices
1506 365 1534 391 a
1563 354 1710 393 nostro
1742 349 1819 393 olo-⁷

325 408 525 450 scendere
556 407 769 459 videntur,
797 407 861 447 ita
883 412 929 447 ut
948 405 1012 448 vel
1033 412 1188 462 aperta
1208 412 1246 448 et
1262 404 1518 462 sinqularia
1538 420 1686 448 eorum
1704 406 1816 448 vitia

326 470 363 506 et
393 463 581 518 defectus
613 462 821 518 quomodo
853 461 962 504 male
991 461 1198 504 intellecto
1235 468 1383 504 nostro
1416 467 1513 503 orta
1543 462 1633 503 sint
1652 460 1816 505 intelte-

326 517 670 616 9atur.ddCuius
699 520 765 559 rei
791 517 992 573 plurima
1032 516 1228 573 exempla
1258 518 1306 559 in
1338 516 1701 559 annotationibus
1730 517 1816 560 cm·-

327 576 424 617 ticis
454 590 481 615 a
547 575 639 616 uoei.

441 629 584 673 Talem
614 630 801 671 codicem
840 635 1016 682 nactus,
1056 643 1151 671 eum
1181 629 1241 671 ad
1269 628 1457 671 litteram
1485 627 1817 694 exprimendum

329 687 489 739 censui,
519 684 636 740 quod
665 699 832 726 summa
861 684 1093 741 diliqente'a
1108 683 1299 739 sactum,
1338 691 1375 727 et
1398 684 1686 740 paucissimis
1715 689 1815 727 tan·

329 748 413 784 tum
455 743 502 784 in
543 739 660 793 locis,
700 740 775 782 ubi
817 746 1036 782 auctorem
1073 740 1206 795 lapsu
1235 740 1398 782 calami
1427 740 1679 796 sev-ipsium
1711 753 1812 783 con·

329 798 481 850 stabat,
521 796 676 838 addita
714 802 856 838 tamen
895 797 1057 838 codicis
1094 796 1283 850 lectione,
1323 796 1377 838 ab
1416 811 1468 838 ea
1497 809 1706 838 recessum
1740 800 1817 840 est.

330 853 402 895 Ad
431 853 732 895 Monacensem
757 853 956 907 proaeime
988 852 1153 893 accedit

441 909 486 962 2)
520 907 563 951 C.
594 922 639 948 re
671 909 741 950 ius
770 906 1071 949 Braaeellensis
1100 906 1212 949 9904
1241 907 1412 949 membr.
1442 908 1491 949 in
1519 907 1589 949 4⁰.
1619 921 1733 949 saec.
1761 905 1815 949 X.

330 970 507 1008 exeunte
546 965 594 1004 in
676 964 876 1005 ermania
915 969 1141 1016 waratus,
1179 964 1256 1019 qui
1292 962 1464 1005 saeculo
1502 961 1596 1004 XV.
1664 959 1818 1005 Codex

330 1019 463 1062 saneti
492 1018 661 1060 martini
690 1019 735 1059 in
765 1019 1001 1075 spanheym
1030 1020 1273 1074 inscriptus
1303 1025 1376 1060 est.
1425 1018 1540 1060 Eum
1560 1032 1679 1060 anno
1704 1017 1818 1061 1826

330 1077 547 1132 inteqrum
576 1076 623 1116 in
654 1090 761 1116 usus
795 1080 965 1117 nostros
1003 1075 1206 1126 converti,
1248 1080 1374 1130 atque
1402 1089 1423 1116 e
1453 1073 1716 1117 Monacensi
1743 1073 1815 1116 de-

331 1133 540 1186 scriptum
569 1131 618 1171 in
639 1130 890 1171 Annalibus
920 1131 1082 1172 nostris
1105 1131 1149 1172 T.
1186 1130 1277 1183 VII,
1307 1129 1391 1173 396
1452 1129 1618 1172 robavi.
1662 1128 1817 1185 Scrip-

330 1194 454 1229 turae
482 1187 694 1241 specimen
724 1186 853 1227 habes
882 1187 930 1227 in
960 1185 1111 1228 tabula
1139 1192 1248 1228 tomo
1270 1185 1345 1227 III
1362 1185 1397 1229 S
1434 1217 1445 1227 .
1466 1186 1651 1228 adiecta.
1695 1185 1815 1228 Idem

330 1243 477 1295 codex,
507 1248 717 1297 quantum
743 1240 912 1283 collatis
930 1241 1035 1283 locis
1055 1242 1256 1284 iudicare
1275 1241 1384 1294 licet,
1417 1241 1646 1284 Trithemio
1666 1239 1816 1298 Span-

331 1299 539 1341 heimensi
568 1297 627 1339 ad
654 1313 812 1339 manus
828 1297 977 1353 fuisse
1005 1298 1188 1339 videtur.
1232 1298 1507 1339 Exciderunt
1532 1299 1624 1340 iam
1672 1302 1816 1339 nater-

334 1355 484 1396 niones
513 1353 572 1394 II.
604 1359 641 1395 et
670 1353 778 1394 IIII.
811 1368 907 1395 cum
937 1352 1030 1394 Lib.
1062 1354 1096 1406 1,
1132 1354 1279 1406 1—-13,
1310 1359 1349 1394 et
1367 1353 1428 1407 II,
1457 1351 1599 1395 3—34
1647 1366 1717 1394 ere
1745 1352 1815 1395 in-

332 1411 477 1466 teqris,
508 1414 634 1464 atque
659 1424 725 1464 pa
760 1410 837 1450 ina
868 1424 957 1465 qua
975 1409 1088 1463 finis
1117 1408 1144 1450 l.
1177 1409 1219 1451 V.
1250 1425 1284 1450 c.
1315 1408 1382 1453 32.
1413 1415 1503 1451 tum
1531 1407 1600 1451 33.
1620 1414 1660 1450 et
1679 1421 1736 1451 ar

330 1471 518 1507 mentum
546 1465 651 1506 libri
690 1424 756 1507 VI
787 1464 1088 1506 continebatur
1097 1480 1113 1518 ;
1150 1471 1187 1507 et
1218 1465 1323 1507 ordo
1354 1465 1692 1521 quaternionum
1791 1463 1818 1496 ‘-

333 1521 603 1577 sinqensium
640 1520 705 1562 VI.
735 1526 772 1562 et
808 1520 922 1561 VIII.
954 1520 1175 1575 quondam
1204 1520 1404 1562 turbatus
1433 1519 1582 1577 effecit,
1621 1525 1670 1562 ut
1697 1518 1818 1563 loom

332 1578 500 1633 inteqer
528 1576 632 1618 inde
663 1576 717 1617 ab
752 1582 1008 1632 arqumento
1036 1591 1135 1632 cap.
1159 1576 1209 1618 31
1239 1576 1343 1619 libri
1371 1576 1444 1618 IV.
1503 1575 1574 1618 De
1594 1574 1816 1618 Friden'co

336 1646 470 1687 usque
501 1632 562 1673 ad
588 1632 718 1673 verba
748 1632 907 1687 capitis
937 1631 1003 1673 24.
1033 1632 1223 1674 eiusdem
1260 1632 1365 1674 libri
1393 1630 1519 1673 Hanc
1545 1630 1679 1688 igitur
1706 1628 1820 1673 Cone

336 1687 522 1740 stamini,
551 1687 690 1729 medio
719 1688 768 1729 in
798 1689 940 1743 capite
972 1687 1013 1739 V,
1034 1687 1074 1729 9.
1106 1694 1204 1729 ante
1233 1686 1348 1729 solus
1368 1685 1838 1753 impetum'sustineret

336 1745 504 1786 inserta
533 1743 788 1785 habeantur.
852 1742 1042 1785 Ceterum
1083 1743 1296 1785 *nonnisi
1324 1745 1372 1786 in
1404 1743 1472 1784 bis
1500 1742 1671 1786 duobus
1699 1742 1819 1785 codi-

189 1812 241 1845 '1³-
253 1800 456 1842 2⁷1-cibus
486 1797 682 1840 ultimum
709 1795 813 1840 libri
851 1798 918 1840 VI.
947 1805 1080 1853 caput
1107 1800 1325 1855 inteyrum
1355 1804 1485 1841 extat.

447 1854 496 1908 3)
531 1854 574 1897 C.
607 1854 751 1895 Musei
783 1854 1044 1897 Britannici
1080 1855 1195 1896 inter
1231 1854 1501 1896 Harleianos
1538 1853 1597 1896 N.
1625 1853 1739 1897 2688
1766 1854 1838 1896 ίπι

322 1910 409 1965 fol.
446 1910 696 1952 membrana
734 1915 771 1951 et
808 1911 897 1951 scri
930 1916 1032 1951 tura
1068 1910 1234 1952 saeculi
1262 1910 1387 1951 XIII.
1417 1909 1557 1963 Italis,
1592 1923 1647 1952 eoe
1676 1909 1838 1959 codice}

334 1980 536 2008 manasse
566 1966 739 2007 videtur
767 1925 957 2021 sivzqulis
986 1966 1348 2022 quaternionibus
1378 1980 1547 2018 manco,
1577 1966 1655 2023 qui
1678 1961 1838 2010 tamem

336 2028 373 2064 et
399 2023 494 2078 ipse
523 2035 576 2062 επ
605 2021 880 2077 Frisinyensi
907 2021 982 2063 sed
1011 2037 1099 2064 non
1129 2037 1182 2064 ea:
1211 2037 1258 2064 eo
1287 2021 1428 2065 solum
1456 2022 1682 2064 derivatus
1701 2025 1821 2063 esset.

335 2077 428 2119 Lib.
449 2077 485 2130 I,
504 2076 560 2118 42
579 2083 739 2119 temtum
758 2077 1027 2133 sinqularem
1047 2078 1225 2132 exhibet,
1246 2078 1306 2131 II,
1327 2078 1367 2121 6.
1388 2083 1427 2120 et
1444 2075 1624 2132 26-40,
1639 2075 1821 2119 45—66.

337 2134 419 2186 III,
450 2132 639 2174 26—1V.
670 2133 709 2175 6.
750 2132 829 2185 IV,
858 2133 1009 2175 9—14.
1033 2133 1136 2188 fere
1174 2134 1264 2175 inte
1296 2149 1351 2175 ra
1386 2133 1709 2186 desiderantur,
1745 2130 1824 2181 sed

335 2189 510 2231 lacunis
539 2188 661 2230 haud
689 2188 914 2230 indicatis.
958 2189 1136 2231 Desinit
1163 2189 1235 2231 lib.
1299 2221 1309 2241 ‚
1335 2188 1385 2230 18
1414 2191 1466 2231 in
1493 2188 1637 2231 verbis
1665 2201 1711 2230 se
1728 2184 1826 2245 ”figi

336 2243 604 2287 seminudum
649 2243 900 2286 ostenderet.
975 2245 1153 2286 Teaetum
1197 2246 1339 2301 capite
1375 2245 1421 2298 I,
1463 2243 1520 2286 42
1561 2243 1745 2286 eundem
1784 2247 1824 2286 et

336 2300 522 2342 lacunas
558 2299 729 2341 easdem
757 2300 818 2352 II,
855 2300 882 2342 6
923 2306 1048 2356 atque
1077 2300 1145 2354 II,
1183 2300 1352 2343 45—66
1390 2300 1607 2354 eaehibent,
1642 2298 1824 2358 ideoque

338 2356 398 2397 ad
432 2355 611 2398 eandem
653 2354 832 2397 classem
875 2355 1096 2411 referendi
1137 2362 1241 2398 sunt
1284 2356 1450 2399 codices
1490 2354 1732 2412 complures
1772 2354 1824 2397 in

337 2410 524 2453 Austria
554 2426 582 2452 a
610 2426 673 2452 me
701 2410 883 2452 evoluti:
1688 2427 1690 2429 >

449 2466 520 2521 3⁸)
554 2466 598 2509 C.
637 2465 735 2508 bibl.
776 2466 1009 2508 Palatinae
1045 2467 1384 2511 Vindobonensis
1412 2467 1496 2510 427
1533 2466 1652 2523 (hist.
1743 2503 1746 2505 .
1798 2472 1829 2508 ·.⁵

338 2522 396 2564 N.
426 2522 528 2575 338)
552 2522 720 2564 membr.
750 2536 860 2563 saec.
877 2522 976 2563 XII.
1008 2523 1133 2564 cuius
1161 2521 1360 2565 lectiones
1389 2523 1557 2579 aliquot
1583 2524 1633 2565 in
1713 2535 1819 2564 ura-

339 2579 443 2619 torii
472 2577 554 2620 SS.
585 2577 645 2619 II.
677 2578 730 2630 B,
766 2577 871 2620 1089
913 2593 933 2619 s
963 2594 1000 2634 q.
1037 2578 1198 2620 allatae
1234 2585 1362 2632 sunt;
1400 2579 1559 2621 desinit
1595 2578 1647 2620 in
1677 2578 1822 2635 capite

339 2633 423 2687 III,
454 2633 521 2675 37.
551 2633 703 2688 ‘primo
735 2633 893 2674 enitum
971 2633 1111 2675 omino
1141 2632 1305 2676 Amen'.
1726 2640 1730 2642 ’

451 2689 528 2745 3¹³)
563 2688 608 2732 C.
637 2689 703 2730 bib
723 2718 734 2729 .
767 2688 1277 2745 Claustroneoburqensis
1304 2690 1474 2732 membr.
1504 2705 1615 2732 saec.
1645 2688 1747 2731 XII.
1774 2689 1826 2732 in

343 2782 380 2828 1)
408 2785 612 2819 Sententiae
639 2785 799 2819 Graecae
833 2767 1035 2818 constanter
1068 2787 1118 2819 ita
1154 2786 1363 2826 scribuntur,
1399 2789 1439 2818 ut
1471 2786 1623 2829 primum
1647 2783 1825 2827 voeabuln

339 2833 507 2915 ἓναθοαῖ
534 2837 606 2867 tum
642 2834 808 2878 imposita
843 2835 893 2867 eis
926 2835 1171 2878 pronunciatio
1199 2834 1339 2875 Latina,
1366 2837 1440 2867 tum
1466 2844 1551 2868 vero
1577 2832 1827 2877 interpretatio

373 2882 470 2916 atina
511 2886 646 2926 agatur.
