<?xml version="1.0" encoding="UTF-8"?>
<!DOCTYPE html PUBLIC "-//W3C//DTD XHTML 1.0 Transitional//EN"
    "http://www.w3.org/TR/xhtml1/DTD/xhtml1-transitional.dtd">
<html xmlns="http://www.w3.org/1999/xhtml" xml:lang="en" lang="en">
 <head>
  <title>
</title>
<meta http-equiv="Content-Type" content="text/html;charset=utf-8" />
  <meta name='ocr-system' content='tesseract 3.04.00' />
  <meta name='ocr-capabilities' content='ocr_page ocr_carea ocr_par ocr_line ocrx_word'/>
</head>
<body>
  <div class='ocr_page' id='page_1' title='image "./liudprandiepisco00liuduoft_0069.png"; bbox 0 0 1838 3210; ppageno 0'>
   <div class='ocr_carea' id='block_1_1' title="bbox 202 231 1504 268">
    <p class='ocr_par' dir='ltr' id='par_1_1' title="bbox 202 231 1504 268">
     <span class='ocr_line' id='line_1_1' title="bbox 202 231 1504 268; baseline -0.003 -1"><span class='ocrx_word' id='word_1_1' title='bbox 202 233 507 268; x_wconf 76' lang='lat' dir='ltr'><strong>LIUDPRANDI</strong></span> <span class='ocrx_word' id='word_1_2' title='bbox 530 232 878 268; x_wconf 76' lang='lat' dir='ltr'><strong>ANTAPODOSIS.</strong></span> <span class='ocrx_word' id='word_1_3' title='bbox 927 232 1022 266; x_wconf 89' lang='lat' dir='ltr'><strong>LIB.</strong></span> <span class='ocrx_word' id='word_1_4' title='bbox 1049 232 1100 266; x_wconf 91' lang='lat'><strong>11.</strong></span> <span class='ocrx_word' id='word_1_5' title='bbox 1153 231 1309 265; x_wconf 79' lang='lat'><strong>52—56.</strong></span> <span class='ocrx_word' id='word_1_6' title='bbox 1459 232 1504 264; x_wconf 82' lang='grc'><strong>47</strong></span> 
     </span>
    </p>
   </div>
   <div class='ocr_carea' id='block_1_2' title="bbox 0 0 84 3210">
    <p class='ocr_par' dir='ltr' id='par_1_2' title="bbox 0 0 84 3210">
     <span class='ocr_line' id='line_1_2' title="bbox 0 0 84 500; baseline 0 -63"><span class='ocrx_word' id='word_1_7' title='bbox 0 0 84 500; x_wconf 95' lang='lat' dir='ltr'><strong>   </strong></span> 
     </span>
     <span class='ocr_line' id='line_1_3' title="bbox 0 500 84 760; baseline 0 -114"><span class='ocrx_word' id='word_1_8' title='bbox 0 500 84 760; x_wconf 95' lang='lat' dir='ltr'><strong>    </strong></span> 
     </span>
     <span class='ocr_line' id='line_1_4' title="bbox 0 760 84 890; baseline 0.119 -10"><span class='ocrx_word' id='word_1_9' title='bbox 0 760 84 890; x_wconf 95' lang='lat' dir='ltr'><strong>   </strong></span> 
     </span>
     <span class='ocr_line' id='line_1_5' title="bbox 0 890 84 984; baseline 0 0"><span class='ocrx_word' id='word_1_10' title='bbox 0 890 84 984; x_wconf 95' lang='lat' dir='ltr'><strong>  </strong></span> 
     </span>
     <span class='ocr_line' id='line_1_6' title="bbox 0 984 84 1264; baseline 0 -32"><span class='ocrx_word' id='word_1_11' title='bbox 0 984 84 1264; x_wconf 95' lang='lat' dir='ltr'><strong>   </strong></span> 
     </span>
     <span class='ocr_line' id='line_1_7' title="bbox 0 1264 84 1429; baseline 0 0"><span class='ocrx_word' id='word_1_12' title='bbox 0 1264 84 1429; x_wconf 95' lang='lat' dir='ltr'><strong>  </strong></span> 
     </span>
     <span class='ocr_line' id='line_1_8' title="bbox 0 1429 84 1757; baseline 0 -93"><span class='ocrx_word' id='word_1_13' title='bbox 0 1429 84 1757; x_wconf 95' lang='lat' dir='ltr'><strong>     </strong></span> 
     </span>
     <span class='ocr_line' id='line_1_9' title="bbox 0 1757 84 1939; baseline 0 -1"><span class='ocrx_word' id='word_1_14' title='bbox 0 1757 84 1939; x_wconf 95' lang='lat' dir='ltr'><strong>   </strong></span> 
     </span>
     <span class='ocr_line' id='line_1_10' title="bbox 0 1939 70 2202; baseline 0 -92"><span class='ocrx_word' id='word_1_15' title='bbox 0 1939 70 2202; x_wconf 95' lang='lat' dir='ltr'><strong>     </strong></span> 
     </span>
     <span class='ocr_line' id='line_1_11' title="bbox 0 2211 84 2473; baseline 0 -26"><span class='ocrx_word' id='word_1_16' title='bbox 0 2211 84 2473; x_wconf 95' lang='lat' dir='ltr'><strong>    </strong></span> 
     </span>
     <span class='ocr_line' id='line_1_12' title="bbox 0 2529 84 3210; baseline 0 -519"><span class='ocrx_word' id='word_1_17' title='bbox 0 2529 84 3210; x_wconf 95' lang='lat' dir='ltr'><strong>       </strong></span> 
     </span>
    </p>
   </div>
   <div class='ocr_carea' id='block_1_3' title="bbox 12 342 1669 2417">
    <p class='ocr_par' dir='ltr' id='par_1_3' title="bbox 12 342 1586 1186">
     <span class='ocr_line' id='line_1_13' title="bbox 127 342 1506 402; baseline -0.004 -13"><span class='ocrx_word' id='word_1_18' title='bbox 127 346 195 389; x_wconf 82' lang='lat'><strong>52.</strong></span> <span class='ocrx_word' id='word_1_19' title='bbox 238 345 320 389; x_wconf 89' lang='lat' dir='ltr'><strong>His</strong></span> <span class='ocrx_word' id='word_1_20' title='bbox 339 345 494 388; x_wconf 85' lang='lat' dir='ltr'><strong>auditis</strong></span> <span class='ocrx_word' id='word_1_21' title='bbox 522 359 636 402; x_wconf 89' lang='lat' dir='ltr'><strong>papa</strong></span> <span class='ocrx_word' id='word_1_22' title='bbox 653 345 824 387; x_wconf 88' lang='lat' dir='ltr'><strong>nuntios</strong></span> <span class='ocrx_word' id='word_1_23' title='bbox 848 342 1071 387; x_wconf 79' lang='lat' dir='ltr'><strong>confestim</strong></span> <span class='ocrx_word' id='word_1_24' title='bbox 1092 342 1506 399; x_wconf 85' lang='lat' dir='ltr'><strong>Constantinopolim</strong></span> 
     </span>
     <span class='ocr_line' id='line_1_14' title="bbox 30 398 1505 460; baseline -0.003 -15"><span class='ocrx_word' id='word_1_25' title='bbox 30 424 62 455; x_wconf 63' lang='grc' dir='ltr'><strong>,ι</strong></span> <span class='ocrx_word' id='word_1_26' title='bbox 83 401 173 459; x_wconf 84' lang='lat' dir='ltr'><strong>‘git‚</strong></span> <span class='ocrx_word' id='word_1_27' title='bbox 201 401 447 460; x_wconf 69' lang='lat' dir='ltr'>suppliciter</span> <span class='ocrx_word' id='word_1_28' title='bbox 465 401 731 457; x_wconf 85' lang='lat' dir='ltr'><strong>imperatoris</strong></span> <span class='ocrx_word' id='word_1_29' title='bbox 750 398 1025 442; x_wconf 87' lang='lat' dir='ltr'><strong>amminicula</strong></span> <span class='ocrx_word' id='word_1_30' title='bbox 1044 399 1125 442; x_wconf 87' lang='lat' dir='ltr'>sibi</span> <span class='ocrx_word' id='word_1_31' title='bbox 1146 398 1238 442; x_wconf 81' lang='lat' dir='ltr'><strong>dari</strong></span> <span class='ocrx_word' id='word_1_32' title='bbox 1258 399 1505 455; x_wconf 85' lang='lat' dir='ltr'><strong>deposcens.</strong></span> 
     </span>
     <span class='ocr_line' id='line_1_15' title="bbox 49 455 1504 516; baseline -0.003 -15"><span class='ocrx_word' id='word_1_33' title='bbox 49 459 252 516; x_wconf 80' lang='lat' dir='ltr'><strong>·perator</strong></span> <span class='ocrx_word' id='word_1_34' title='bbox 278 471 380 501; x_wconf 88' lang='lat' dir='ltr'><strong>vero</strong></span> <span class='ocrx_word' id='word_1_35' title='bbox 435 464 484 500; x_wconf 90' lang='lat' dir='ltr'><strong>ut</strong></span> <span class='ocrx_word' id='word_1_36' title='bbox 511 457 577 498; x_wconf 88' lang='lat' dir='ltr'><strong>vir</strong></span> <span class='ocrx_word' id='word_1_37' title='bbox 611 456 931 499; x_wconf 62' lang='lat' dir='ltr'><strong>sanctissimus*</strong></span> <span class='ocrx_word' id='word_1_38' title='bbox 967 455 1036 499; x_wconf 90' lang='lat' dir='ltr'><strong>dei</strong></span> <span class='ocrx_word' id='word_1_39' title='bbox 1068 470 1121 497; x_wconf 91' lang='lat' dir='ltr'><strong>ue</strong></span> <span class='ocrx_word' id='word_1_40' title='bbox 1151 455 1318 509; x_wconf 87' lang='lat' dir='ltr'><strong>timens,</strong></span> <span class='ocrx_word' id='word_1_41' title='bbox 1359 455 1504 511; x_wconf 87' lang='lat' dir='ltr'><strong>copias</strong></span> 
     </span>
     <span class='ocr_line' id='line_1_16' title="bbox 52 489 1586 572; baseline -0.005 -15"><span class='ocrx_word' id='word_1_42' title='bbox 52 528 174 572; x_wconf 91' lang='lat' dir='ltr'><strong>que</strong></span> <span class='ocrx_word' id='word_1_43' title='bbox 202 527 322 556; x_wconf 84' lang='lat' dir='ltr'><strong>mora</strong></span> <span class='ocrx_word' id='word_1_44' title='bbox 350 489 558 556; x_wconf 81' lang='lat' dir='ltr'><strong>el&#39;assibus</strong></span> <span class='ocrx_word' id='word_1_45' title='bbox 584 511 786 555; x_wconf 78' lang='lat' dir='ltr'><strong>advectas</strong></span> <span class='ocrx_word' id='word_1_46' title='bbox 814 512 982 555; x_wconf 86' lang='lat' dir='ltr'><strong>direxit.</strong></span> <span class='ocrx_word' id='word_1_47' title='bbox 1081 525 1237 568; x_wconf 91' lang='lat' dir='ltr'><strong>umque</strong></span> <span class='ocrx_word' id='word_1_48' title='bbox 1267 525 1344 568; x_wconf 91' lang='lat' dir='ltr'><strong>per</strong></span> <span class='ocrx_word' id='word_1_49' title='bbox 1374 509 1505 553; x_wconf 84' lang='lat' dir='ltr'><strong>Gare-</strong></span> <span class='ocrx_word' id='word_1_50' title='bbox 1518 524 1586 551; x_wconf 78' lang='lat'><strong>916.</strong></span> 
     </span>
     <span class='ocr_line' id='line_1_17' title="bbox 47 566 1503 624; baseline -0.003 -12"><span class='ocrx_word' id='word_1_51' title='bbox 47 572 49 575; x_wconf 79' lang='grc'>’</span> <span class='ocrx_word' id='word_1_52' title='bbox 98 584 173 612; x_wconf 88' lang='lat' dir='ltr'><strong>um</strong></span> <span class='ocrx_word' id='word_1_53' title='bbox 200 568 362 612; x_wconf 86' lang='lat' dir='ltr'><strong>fiumen</strong></span> <span class='ocrx_word' id='word_1_54' title='bbox 391 568 735 622; x_wconf 83' lang='lat' dir='ltr'><strong>conscenderent,</strong></span> <span class='ocrx_word' id='word_1_55' title='bbox 765 567 902 611; x_wconf 86' lang='lat' dir='ltr'><strong>adfuit</strong></span> <span class='ocrx_word' id='word_1_56' title='bbox 930 575 972 611; x_wconf 89' lang='lat' dir='ltr'><strong>et</strong></span> <span class='ocrx_word' id='word_1_57' title='bbox 1000 581 1114 624; x_wconf 82' lang='lat' dir='ltr'><strong>papa</strong></span> <span class='ocrx_word' id='word_1_58' title='bbox 1141 566 1366 621; x_wconf 84' lang='lat' dir='ltr'><strong>Iohannes,</strong></span> <span class='ocrx_word' id='word_1_59' title='bbox 1405 580 1503 608; x_wconf 89' lang='lat' dir='ltr'><strong>cum</strong></span> 
     </span>
     <span class='ocr_line' id='line_1_18' title="bbox 59 622 1503 690; baseline -0.003 -21"><span class='ocrx_word' id='word_1_60' title='bbox 59 623 220 669; x_wconf 50' lang='lat' dir='ltr'><strong>1udolfo</strong></span> <span class='ocrx_word' id='word_1_61' title='bbox 248 626 410 690; x_wconf 84' lang='lat' dir='ltr'><strong>pariter</strong></span> <span class='ocrx_word' id='word_1_62' title='bbox 430 625 830 667; x_wconf 86' lang='lat' dir='ltr'><strong>Beneventanorum</strong></span> <span class='ocrx_word' id='word_1_63' title='bbox 891 624 1054 680; x_wconf 87' lang='lat' dir='ltr'><strong>rincipe</strong></span> <span class='ocrx_word' id='word_1_64' title='bbox 1084 623 1393 680; x_wconf 84' lang='lat' dir='ltr'><strong>potentissimo,</strong></span> <span class='ocrx_word' id='word_1_65' title='bbox 1424 622 1503 666; x_wconf 83' lang='lat' dir='ltr'><strong>Ca-</strong></span> 
     </span>
     <span class='ocr_line' id='line_1_19' title="bbox 40 678 1506 746; baseline -0.003 -21"><span class='ocrx_word' id='word_1_66' title='bbox 40 704 43 718; x_wconf 82' lang='lat'><em>=</em></span> <span class='ocrx_word' id='word_1_67' title='bbox 66 682 184 725; x_wconf 86' lang='lat' dir='ltr'><strong>rinis</strong></span> <span class='ocrx_word' id='word_1_68' title='bbox 212 688 340 724; x_wconf 77' lang='lat' dir='ltr'><strong>etiam</strong></span> <span class='ocrx_word' id='word_1_69' title='bbox 368 688 497 746; x_wconf 84' lang='lat' dir='ltr'><strong>atque</strong></span> <span class='ocrx_word' id='word_1_70' title='bbox 532 679 776 737; x_wconf 83' lang='lat' dir='ltr'><strong>Spoletinis.</strong></span> <span class='ocrx_word' id='word_1_71' title='bbox 881 679 1022 722; x_wconf 87' lang='lat' dir='ltr'><strong>orrida</strong></span> <span class='ocrx_word' id='word_1_72' title='bbox 1056 679 1157 722; x_wconf 89' lang='lat' dir='ltr'><strong>satis</strong></span> <span class='ocrx_word' id='word_1_73' title='bbox 1187 678 1371 736; x_wconf 90' lang='lat' dir='ltr'><strong>denique</strong></span> <span class='ocrx_word' id='word_1_74' title='bbox 1396 679 1506 721; x_wconf 87' lang='lat' dir='ltr'><strong>inter</strong></span> 
     </span>
     <span class='ocr_line' id='line_1_20' title="bbox 49 733 1504 803; baseline -0.003 -22"><span class='ocrx_word' id='word_1_75' title='bbox 49 752 87 781; x_wconf 76' lang='grc' dir='ltr'><strong>ιε</strong></span> <span class='ocrx_word' id='word_1_76' title='bbox 128 751 275 803; x_wconf 82' lang='lat' dir='ltr'><strong>pugna</strong></span> <span class='ocrx_word' id='word_1_77' title='bbox 316 744 544 780; x_wconf 80' lang='lat' dir='ltr'><strong>exoritur1.</strong></span> <span class='ocrx_word' id='word_1_78' title='bbox 621 737 781 779; x_wconf 91' lang='lat' dir='ltr'><strong>Verum</strong></span> <span class='ocrx_word' id='word_1_79' title='bbox 823 736 926 778; x_wconf 91' lang='lat' dir='ltr'><strong>dum</strong></span> <span class='ocrx_word' id='word_1_80' title='bbox 970 733 1298 778; x_wconf 88' lang='lat' dir='ltr'><strong>christianorum</strong></span> <span class='ocrx_word' id='word_1_81' title='bbox 1339 741 1504 791; x_wconf 86' lang='lat' dir='ltr'><strong>partem</strong></span> 
     </span>
     <span class='ocr_line' id='line_1_21' title="bbox 49 790 1505 851; baseline -0.003 -14.061"><span class='ocrx_word' id='word_1_82' title='bbox 49 807 146 837; x_wconf 89' lang='lat' dir='ltr'><strong>oem</strong></span> <span class='ocrx_word' id='word_1_83' title='bbox 174 792 392 851; x_wconf 84' lang='lat' dir='ltr'><strong>prevalere</strong></span> <span class='ocrx_word' id='word_1_84' title='bbox 422 793 731 849; x_wconf 86' lang='lat' dir='ltr'><strong>conspicerent,</strong></span> <span class='ocrx_word' id='word_1_85' title='bbox 761 792 805 834; x_wconf 90' lang='lat' dir='ltr'><strong>in</strong></span> <span class='ocrx_word' id='word_1_86' title='bbox 835 790 1052 834; x_wconf 83' lang='lat' dir='ltr'><strong>Gareliani</strong></span> <span class='ocrx_word' id='word_1_87' title='bbox 1092 791 1248 834; x_wconf 87' lang='lat' dir='ltr'><strong>montis</strong></span> <span class='ocrx_word' id='word_1_88' title='bbox 1287 791 1505 833; x_wconf 87' lang='lat' dir='ltr'><strong>summita-</strong></span> 
     </span>
     <span class='ocr_line' id='line_1_22' title="bbox 12 846 1506 906; baseline -0.002 -15"><span class='ocrx_word' id='word_1_89' title='bbox 12 870 47 900; x_wconf 62' lang='grc' dir='ltr'><strong>,.ι</strong></span> <span class='ocrx_word' id='word_1_90' title='bbox 66 870 86 887; x_wconf 89' lang='grc' dir='ltr'><strong>ιι</strong></span> <span class='ocrx_word' id='word_1_91' title='bbox 141 848 411 906; x_wconf 85' lang='lat' dir='ltr'><strong>confugiunt,</strong></span> <span class='ocrx_word' id='word_1_92' title='bbox 459 856 746 906; x_wconf 77' lang='lat' dir='ltr'><strong>angustasque</strong></span> <span class='ocrx_word' id='word_1_93' title='bbox 793 853 957 891; x_wconf 87' lang='lat' dir='ltr'><strong>tantum</strong></span> <span class='ocrx_word' id='word_1_94' title='bbox 1001 848 1095 890; x_wconf 83' lang='lat' dir='ltr'><strong>vias</strong></span> <span class='ocrx_word' id='word_1_95' title='bbox 1145 846 1371 890; x_wconf 84' lang='lat' dir='ltr'><strong>defendere</strong></span> <span class='ocrx_word' id='word_1_96' title='bbox 1419 860 1506 888; x_wconf 92' lang='lat' dir='ltr'><strong>mo-</strong></span> 
     </span>
     <span class='ocr_line' id='line_1_23' title="bbox 42 910 182 950; baseline -0.014 0"><span class='ocrx_word' id='word_1_97' title='bbox 42 910 182 950; x_wconf 84' lang='lat' dir='ltr'><strong>untur.</strong></span> 
     </span>
     <span class='ocr_line' id='line_1_24' title="bbox 122 958 1505 1018; baseline -0.001 -15.147"><span class='ocrx_word' id='word_1_98' title='bbox 122 960 191 1004; x_wconf 83' lang='lat'><strong>53.</strong></span> <span class='ocrx_word' id='word_1_99' title='bbox 236 960 306 1003; x_wconf 87' lang='lat' dir='ltr'><strong>Ex</strong></span> <span class='ocrx_word' id='word_1_100' title='bbox 345 967 465 1017; x_wconf 89' lang='lat' dir='ltr'><strong>parte</strong></span> <span class='ocrx_word' id='word_1_101' title='bbox 499 974 602 1003; x_wconf 87' lang='lat' dir='ltr'><strong>vero</strong></span> <span class='ocrx_word' id='word_1_102' title='bbox 641 959 730 1014; x_wconf 89' lang='lat' dir='ltr'><strong>illa,</strong></span> <span class='ocrx_word' id='word_1_103' title='bbox 771 974 857 1018; x_wconf 89' lang='lat' dir='ltr'><strong>qua</strong></span> <span class='ocrx_word' id='word_1_104' title='bbox 897 959 1137 1002; x_wconf 60' lang='lat' dir='ltr'><strong>diffieilior»</strong></span> <span class='ocrx_word' id='word_1_105' title='bbox 1177 966 1268 1002; x_wconf 84' lang='lat' dir='ltr'><strong>erat</strong></span> <span class='ocrx_word' id='word_1_106' title='bbox 1304 958 1505 1002; x_wconf 84' lang='lat' dir='ltr'><strong>ascensus</strong></span> 
     </span>
     <span class='ocr_line' id='line_1_25' title="bbox 46 1014 1506 1075; baseline -0.004 -12.093"><span class='ocrx_word' id='word_1_107' title='bbox 23 1018 248 1075; x_wconf 77' lang='lat' dir='ltr'><strong>cenisque</strong></span> <span class='ocrx_word' id='word_1_108' title='bbox 277 1015 333 1059; x_wconf 87' lang='lat' dir='ltr'><strong>ad</strong></span> <span class='ocrx_word' id='word_1_109' title='bbox 361 1015 610 1073; x_wconf 87' lang='lat' dir='ltr'><strong>fugiendum</strong></span> <span class='ocrx_word' id='word_1_110' title='bbox 639 1016 791 1073; x_wconf 85' lang='lat' dir='ltr'><strong>aptior,</strong></span> <span class='ocrx_word' id='word_1_111' title='bbox 821 1015 950 1059; x_wconf 85' lang='lat' dir='ltr'><strong>Greci</strong></span> <span class='ocrx_word' id='word_1_112' title='bbox 980 1022 1165 1058; x_wconf 84' lang='lat' dir='ltr'><strong>castrum</strong></span> <span class='ocrx_word' id='word_1_113' title='bbox 1185 1014 1254 1058; x_wconf 90' lang='lat' dir='ltr'><strong>die</strong></span> <span class='ocrx_word' id='word_1_114' title='bbox 1283 1015 1380 1072; x_wconf 83' lang='lat' dir='ltr'><strong>ipsa</strong></span> <span class='ocrx_word' id='word_1_115' title='bbox 1409 1029 1506 1057; x_wconf 91' lang='lat' dir='ltr'><strong>con-</strong></span> 
     </span>
     <span class='ocr_line' id='line_1_26' title="bbox 65 1069 1505 1130; baseline -0.002 -14.093"><span class='ocrx_word' id='word_1_116' title='bbox 19 1078 209 1128; x_wconf 54' lang='lat' dir='ltr'><strong>jutuunt3</strong></span> <span class='ocrx_word' id='word_1_117' title='bbox 239 1073 283 1115; x_wconf 91' lang='lat' dir='ltr'><strong>in</strong></span> <span class='ocrx_word' id='word_1_118' title='bbox 303 1086 388 1130; x_wconf 92' lang='lat' dir='ltr'><strong>quo</strong></span> <span class='ocrx_word' id='word_1_119' title='bbox 410 1071 656 1125; x_wconf 82' lang='lat' dir='ltr'><strong>residentes,</strong></span> <span class='ocrx_word' id='word_1_120' title='bbox 686 1073 864 1126; x_wconf 89' lang='lat' dir='ltr'><strong>Poenos,</strong></span> <span class='ocrx_word' id='word_1_121' title='bbox 894 1086 947 1114; x_wconf 87' lang='lat' dir='ltr'><strong>nc</strong></span> <span class='ocrx_word' id='word_1_122' title='bbox 966 1071 1176 1128; x_wconf 88' lang='lat' dir='ltr'><strong>fugerent,</strong></span> <span class='ocrx_word' id='word_1_123' title='bbox 1208 1069 1505 1125; x_wconf 86' lang='lat' dir='ltr'><strong>observabant,</strong></span> 
     </span>
     <span class='ocr_line' id='line_1_27' title="bbox 15 1126 1324 1186; baseline -0.004 -13"><span class='ocrx_word' id='word_1_124' title='bbox 15 1128 270 1186; x_wconf 64' lang='grc' dir='ltr'><strong>ιῒὲίἆίεφιθ</strong></span> <span class='ocrx_word' id='word_1_125' title='bbox 300 1135 595 1186; x_wconf 87' lang='lat' dir='ltr'><strong>oppugnantes</strong></span> <span class='ocrx_word' id='word_1_126' title='bbox 624 1142 710 1170; x_wconf 89' lang='lat' dir='ltr'><strong>non</strong></span> <span class='ocrx_word' id='word_1_127' title='bbox 740 1127 1012 1170; x_wconf 88' lang='lat' dir='ltr'><strong>mediocriter</strong></span> <span class='ocrx_word' id='word_1_128' title='bbox 1040 1126 1324 1170; x_wconf 82' lang='lat' dir='ltr'><strong>trucidabant.</strong></span> 
     </span>
    </p>

    <p class='ocr_par' dir='ltr' id='par_1_4' title="bbox 13 1182 1507 1297">
     <span class='ocr_line' id='line_1_28' title="bbox 122 1182 1506 1241; baseline -0.003 -12.292"><span class='ocrx_word' id='word_1_129' title='bbox 122 1186 189 1227; x_wconf 83' lang='lat'><strong>54.</strong></span> <span class='ocrx_word' id='word_1_130' title='bbox 228 1183 378 1228; x_wconf 82' lang='lat' dir='ltr'><strong>Grecis</strong></span> <span class='ocrx_word' id='word_1_131' title='bbox 406 1184 538 1241; x_wconf 86' lang='lat' dir='ltr'><strong>igitur</strong></span> <span class='ocrx_word' id='word_1_132' title='bbox 566 1183 813 1240; x_wconf 85' lang='lat' dir='ltr'><strong>Latinisque</strong></span> <span class='ocrx_word' id='word_1_133' title='bbox 843 1182 1016 1226; x_wconf 85' lang='lat' dir='ltr'><strong>cottidie</strong></span> <span class='ocrx_word' id='word_1_134' title='bbox 1038 1182 1395 1236; x_wconf 85' lang='lat' dir='ltr'><strong>conflictantibus,</strong></span> <span class='ocrx_word' id='word_1_135' title='bbox 1425 1183 1506 1226; x_wconf 89' lang='lat' dir='ltr'><strong>deo</strong></span> 
     </span>
     <span class='ocr_line' id='line_1_29' title="bbox 20 1238 1507 1297; baseline -0.003 -13"><span class='ocrx_word' id='word_1_136' title='bbox 20 1240 256 1295; x_wconf 72' lang='lat' dir='ltr'><strong>sp‘erante,</strong></span> <span class='ocrx_word' id='word_1_137' title='bbox 292 1241 533 1283; x_wconf 89' lang='lat' dir='ltr'><strong>Poenorum</strong></span> <span class='ocrx_word' id='word_1_138' title='bbox 570 1255 650 1283; x_wconf 89' lang='lat' dir='ltr'><strong>nec</strong></span> <span class='ocrx_word' id='word_1_139' title='bbox 689 1254 798 1282; x_wconf 90' lang='lat' dir='ltr'><strong>unus</strong></span> <span class='ocrx_word' id='word_1_140' title='bbox 836 1238 1008 1297; x_wconf 91' lang='lat' dir='ltr'><strong>quidem</strong></span> <span class='ocrx_word' id='word_1_141' title='bbox 1044 1239 1275 1297; x_wconf 87' lang='lat' dir='ltr'><strong>superfuit,</strong></span> <span class='ocrx_word' id='word_1_142' title='bbox 1314 1239 1387 1296; x_wconf 93' lang='lat' dir='ltr'><strong>qui</strong></span> <span class='ocrx_word' id='word_1_143' title='bbox 1420 1253 1507 1281; x_wconf 92' lang='lat' dir='ltr'><strong>non</strong></span> 
     </span>
    </p>

    <p class='ocr_par' dir='ltr' id='par_1_5' title="bbox 18 1294 1506 1354">
     <span class='ocr_line' id='line_1_30' title="bbox 18 1294 1506 1354; baseline -0.002 -14"><span class='ocrx_word' id='word_1_144' title='bbox 18 1298 31 1347; x_wconf 65' lang='lat' dir='ltr'><em>J</em></span> <span class='ocrx_word' id='word_1_145' title='bbox 49 1302 85 1340; x_wconf 66' lang='grc' dir='ltr'><strong>ιτ</strong></span> <span class='ocrx_word' id='word_1_146' title='bbox 111 1295 255 1354; x_wconf 77' lang='lat' dir='ltr'><strong>gladio</strong></span> <span class='ocrx_word' id='word_1_147' title='bbox 284 1295 581 1351; x_wconf 85' lang='lat' dir='ltr'><strong>trucidaretur,</strong></span> <span class='ocrx_word' id='word_1_148' title='bbox 620 1303 695 1339; x_wconf 86' lang='lat' dir='ltr'><strong>aut</strong></span> <span class='ocrx_word' id='word_1_149' title='bbox 723 1296 848 1338; x_wconf 89' lang='lat' dir='ltr'><strong>vivus</strong></span> <span class='ocrx_word' id='word_1_150' title='bbox 885 1296 1087 1339; x_wconf 89' lang='lat' dir='ltr'><strong>continuo</strong></span> <span class='ocrx_word' id='word_1_151' title='bbox 1118 1300 1352 1352; x_wconf 82' lang='lat' dir='ltr'><strong>caperetur.</strong></span> <span class='ocrx_word' id='word_1_152' title='bbox 1410 1294 1506 1338; x_wconf 91' lang='lat' dir='ltr'><strong>Visi</strong></span> 
     </span>
    </p>

    <p class='ocr_par' dir='ltr' id='par_1_6' title="bbox 18 1349 1505 1573">
     <span class='ocr_line' id='line_1_31' title="bbox 22 1349 1505 1409; baseline -0.001 -14"><span class='ocrx_word' id='word_1_153' title='bbox 22 1362 52 1394; x_wconf 73' lang='grc' dir='ltr'><strong>’.ι</strong></span> <span class='ocrx_word' id='word_1_154' title='bbox 76 1359 111 1395; x_wconf 68' lang='grc' dir='ltr'><strong>ιι</strong></span> <span class='ocrx_word' id='word_1_155' title='bbox 139 1358 282 1396; x_wconf 83' lang='lat' dir='ltr'><strong>autem</strong></span> <span class='ocrx_word' id='word_1_156' title='bbox 310 1351 563 1409; x_wconf 87' lang='lat' dir='ltr'><strong>areligiosis</strong></span> <span class='ocrx_word' id='word_1_157' title='bbox 592 1349 791 1395; x_wconf 85' lang='lat' dir='ltr'><strong>fidelibus</strong></span> <span class='ocrx_word' id='word_1_158' title='bbox 822 1353 866 1394; x_wconf 91' lang='lat' dir='ltr'><strong>in</strong></span> <span class='ocrx_word' id='word_1_159' title='bbox 895 1351 1046 1395; x_wconf 90' lang='lat' dir='ltr'><strong>eodem</strong></span> <span class='ocrx_word' id='word_1_160' title='bbox 1077 1350 1188 1395; x_wconf 91' lang='lat' dir='ltr'><strong>bello</strong></span> <span class='ocrx_word' id='word_1_161' title='bbox 1219 1350 1505 1394; x_wconf 77' lang='lat' dir='ltr'><strong>sanctissimi⁰</strong></span> 
     </span>
     <span class='ocr_line' id='line_1_32' title="bbox 86 1406 1505 1466; baseline -0.002 -14"><span class='ocrx_word' id='word_1_162' title='bbox 86 1408 239 1452; x_wconf 88' lang='lat' dir='ltr'>TRUS</span> <span class='ocrx_word' id='word_1_163' title='bbox 269 1407 347 1451; x_wconf 88' lang='grc' dir='ltr'><strong>ΕΤ</strong></span> <span class='ocrx_word' id='word_1_164' title='bbox 375 1407 609 1452; x_wconf 85' lang='lat' dir='ltr'>PAULUS</span> <span class='ocrx_word' id='word_1_165' title='bbox 639 1407 834 1465; x_wconf 87' lang='lat' dir='ltr'><strong>apostoli,</strong></span> <span class='ocrx_word' id='word_1_166' title='bbox 869 1422 1051 1466; x_wconf 89' lang='lat' dir='ltr'><strong>quorum</strong></span> <span class='ocrx_word' id='word_1_167' title='bbox 1091 1406 1344 1450; x_wconf 85' lang='lat' dir='ltr'><strong>christianos</strong></span> <span class='ocrx_word' id='word_1_168' title='bbox 1373 1406 1505 1450; x_wconf 87' lang='lat' dir='ltr'><strong>credi-</strong></span> 
     </span>
     <span class='ocr_line' id='line_1_33' title="bbox 31 1463 1505 1523; baseline -0.004 -12"><span class='ocrx_word' id='word_1_169' title='bbox 31 1478 105 1523; x_wconf 50' lang='lat' dir='ltr'><strong>„us</strong></span> <span class='ocrx_word' id='word_1_170' title='bbox 134 1464 333 1522; x_wconf 88' lang='lat' dir='ltr'><strong>precibus</strong></span> <span class='ocrx_word' id='word_1_171' title='bbox 362 1464 581 1519; x_wconf 87' lang='lat' dir='ltr'><strong>meruisse,</strong></span> <span class='ocrx_word' id='word_1_172' title='bbox 612 1465 810 1521; x_wconf 85' lang='lat' dir='ltr'><strong>quatinus</strong></span> <span class='ocrx_word' id='word_1_173' title='bbox 839 1464 973 1507; x_wconf 90' lang='lat' dir='ltr'><strong>Poeni</strong></span> <span class='ocrx_word' id='word_1_174' title='bbox 1000 1463 1206 1521; x_wconf 85' lang='lat' dir='ltr'><strong>fugerent,</strong></span> <span class='ocrx_word' id='word_1_175' title='bbox 1237 1470 1280 1506; x_wconf 91' lang='lat' dir='ltr'><strong>et</strong></span> <span class='ocrx_word' id='word_1_176' title='bbox 1308 1464 1390 1520; x_wconf 90' lang='lat' dir='ltr'><strong>ipsi</strong></span> <span class='ocrx_word' id='word_1_177' title='bbox 1418 1463 1505 1505; x_wconf 87' lang='lat' dir='ltr'><strong>vic—</strong></span> 
     </span>
     <span class='ocr_line' id='line_1_34' title="bbox 78 1519 465 1564; baseline -0.002 -1.134"><span class='ocrx_word' id='word_1_178' title='bbox 78 1521 161 1563; x_wconf 83' lang='lat' dir='ltr'><strong>‘m</strong></span> <span class='ocrx_word' id='word_1_179' title='bbox 191 1519 465 1564; x_wconf 66' lang='lat' dir='ltr'><strong>obtinerenv.</strong></span> 
     </span>
    </p>

    <p class='ocr_par' dir='ltr' id='par_1_7' title="bbox 23 1574 1669 1867">
     <span class='ocr_line' id='line_1_35' title="bbox 120 1574 1593 1633; baseline 0 -13"><span class='ocrx_word' id='word_1_180' title='bbox 120 1577 188 1620; x_wconf 82' lang='lat'><strong>55.</strong></span> <span class='ocrx_word' id='word_1_181' title='bbox 230 1575 328 1619; x_wconf 91' lang='lat' dir='ltr'><strong>Hoc</strong></span> <span class='ocrx_word' id='word_1_182' title='bbox 357 1577 402 1618; x_wconf 89' lang='lat' dir='ltr'><strong>in</strong></span> <span class='ocrx_word' id='word_1_183' title='bbox 430 1582 621 1633; x_wconf 88' lang='lat' dir='ltr'><strong>tempore</strong></span> <span class='ocrx_word' id='word_1_184' title='bbox 650 1574 907 1619; x_wconf 85' lang='lat' dir='ltr'><strong>Adelbertus</strong></span> <span class='ocrx_word' id='word_1_185' title='bbox 938 1575 1176 1618; x_wconf 83' lang='lat' dir='ltr'><strong>Tuscorum</strong></span> <span class='ocrx_word' id='word_1_186' title='bbox 1217 1581 1368 1632; x_wconf 86' lang='lat' dir='ltr'><strong>potens</strong></span> <span class='ocrx_word' id='word_1_187' title='bbox 1396 1585 1593 1620; x_wconf 56' lang='lat' dir='ltr'><strong>mar-(150</strong></span> 
     </span>
     <span class='ocr_line' id='line_1_36' title="bbox 62 1626 1669 1698; baseline 0.001 -27"><span class='ocrx_word' id='word_1_188' title='bbox 62 1633 106 1676; x_wconf 86' lang='lat' dir='ltr'><strong>“o</strong></span> <span class='ocrx_word' id='word_1_189' title='bbox 136 1633 327 1687; x_wconf 89' lang='lat' dir='ltr'><strong>moritur,</strong></span> <span class='ocrx_word' id='word_1_190' title='bbox 357 1631 554 1689; x_wconf 89' lang='lat' dir='ltr'><strong>filiusque</strong></span> <span class='ocrx_word' id='word_1_191' title='bbox 574 1632 664 1675; x_wconf 88' lang='lat' dir='ltr'><strong>eius</strong></span> <span class='ocrx_word' id='word_1_192' title='bbox 685 1631 815 1674; x_wconf 89' lang='lat' dir='ltr'><strong>Wido</strong></span> <span class='ocrx_word' id='word_1_193' title='bbox 845 1645 871 1673; x_wconf 88' lang='lat' dir='ltr'><strong>a</strong></span> <span class='ocrx_word' id='word_1_194' title='bbox 895 1630 1156 1688; x_wconf 88' lang='lat' dir='ltr'><strong>Berengario</strong></span> <span class='ocrx_word' id='word_1_195' title='bbox 1185 1645 1287 1688; x_wconf 89' lang='lat' dir='ltr'><strong>rege</strong></span> <span class='ocrx_word' id='word_1_196' title='bbox 1315 1629 1505 1673; x_wconf 87' lang='lat' dir='ltr'><strong>marchio</strong></span> <span class='ocrx_word' id='word_1_197' title='bbox 1518 1626 1588 1698; x_wconf 50' lang='lat'><strong>{2⁵4</strong></span> <span class='ocrx_word' id='word_1_198' title='bbox 1622 1665 1669 1692; x_wconf 40' lang='grc' dir='ltr'><strong>Π,</strong></span> 
     </span>
     <span class='ocr_line' id='line_1_37' title="bbox 39 1686 1597 1741; baseline -0.003 -7"><span class='ocrx_word' id='word_1_199' title='bbox 39 1698 50 1741; x_wconf 69' lang='grc' dir='ltr'><strong>ᾖ,</strong></span> <span class='ocrx_word' id='word_1_200' title='bbox 67 1689 142 1734; x_wconf 83' lang='lat' dir='ltr'><strong>tris</strong></span> <span class='ocrx_word' id='word_1_201' title='bbox 180 1687 274 1731; x_wconf 88' lang='lat' dir='ltr'><strong>loco</strong></span> <span class='ocrx_word' id='word_1_202' title='bbox 311 1688 582 1732; x_wconf 84' lang='lat' dir='ltr'><strong>constituitur</strong></span> <span class='ocrx_word' id='word_1_203' title='bbox 592 1694 623 1729; x_wconf 84' lang='lat'><strong>³.</strong></span> <span class='ocrx_word' id='word_1_204' title='bbox 680 1687 811 1731; x_wconf 88' lang='lat' dir='ltr'><strong>Berta</strong></span> <span class='ocrx_word' id='word_1_205' title='bbox 846 1694 988 1731; x_wconf 87' lang='lat' dir='ltr'><strong>autem</strong></span> <span class='ocrx_word' id='word_1_206' title='bbox 1027 1701 1137 1730; x_wconf 81' lang='lat' dir='ltr'><strong>uxor</strong></span> <span class='ocrx_word' id='word_1_207' title='bbox 1165 1688 1257 1730; x_wconf 89' lang='lat' dir='ltr'><strong>eius</strong></span> <span class='ocrx_word' id='word_1_208' title='bbox 1287 1701 1384 1730; x_wconf 90' lang='lat' dir='ltr'><strong>cum</strong></span> <span class='ocrx_word' id='word_1_209' title='bbox 1413 1687 1505 1730; x_wconf 88' lang='lat' dir='ltr'><strong>Wi-</strong></span> <span class='ocrx_word' id='word_1_210' title='bbox 1591 1686 1597 1691; x_wconf 82' lang='grc'><strong>’</strong></span> 
     </span>
     <span class='ocr_line' id='line_1_38' title="bbox 78 1742 1507 1802; baseline -0.002 -14.111"><span class='ocrx_word' id='word_1_211' title='bbox 78 1759 120 1788; x_wconf 77' lang='grc' dir='ltr'><strong>ιθ</strong></span> <span class='ocrx_word' id='word_1_212' title='bbox 150 1742 236 1787; x_wconf 87' lang='lat' dir='ltr'><strong>filio</strong></span> <span class='ocrx_word' id='word_1_213' title='bbox 265 1750 363 1802; x_wconf 88' lang='lat' dir='ltr'><strong>post</strong></span> <span class='ocrx_word' id='word_1_214' title='bbox 390 1744 530 1788; x_wconf 88' lang='lat' dir='ltr'><strong>mariti</strong></span> <span class='ocrx_word' id='word_1_215' title='bbox 560 1744 722 1787; x_wconf 85' lang='lat' dir='ltr'><strong>obitum</strong></span> <span class='ocrx_word' id='word_1_216' title='bbox 750 1758 837 1786; x_wconf 89' lang='lat' dir='ltr'><strong>non</strong></span> <span class='ocrx_word' id='word_1_217' title='bbox 857 1743 1032 1786; x_wconf 87' lang='lat' dir='ltr'><strong>minoris</strong></span> <span class='ocrx_word' id='word_1_218' title='bbox 1062 1742 1176 1786; x_wconf 74' lang='lat' dir='ltr'><strong>faeta</strong></span> <span class='ocrx_word' id='word_1_219' title='bbox 1204 1750 1268 1787; x_wconf 90' lang='lat' dir='ltr'><strong>est</strong></span> <span class='ocrx_word' id='word_1_220' title='bbox 1293 1757 1421 1800; x_wconf 84' lang='lat' dir='ltr'><strong>quam</strong></span> <span class='ocrx_word' id='word_1_221' title='bbox 1441 1742 1507 1786; x_wconf 87' lang='lat' dir='ltr'><strong>vir</strong></span> 
     </span>
     <span class='ocr_line' id='line_1_39' title="bbox 74 1797 1505 1867; baseline -0.002 -23.101"><span class='ocrx_word' id='word_1_222' title='bbox 74 1800 366 1867; x_wconf 76' lang='lat' dir='ltr'><strong>·s,potentiae.</strong></span> <span class='ocrx_word' id='word_1_223' title='bbox 425 1801 546 1854; x_wconf 83' lang='lat' dir='ltr'><strong>Quae</strong></span> <span class='ocrx_word' id='word_1_224' title='bbox 576 1814 673 1842; x_wconf 90' lang='lat' dir='ltr'><strong>cum</strong></span> <span class='ocrx_word' id='word_1_225' title='bbox 702 1798 931 1843; x_wconf 81' lang='lat' dir='ltr'><strong>calliditate</strong></span> <span class='ocrx_word' id='word_1_226' title='bbox 943 1801 975 1854; x_wconf 65' lang='grc' dir='ltr'><strong>(Ι,</strong></span> <span class='ocrx_word' id='word_1_227' title='bbox 1005 1797 1269 1854; x_wconf 87' lang='lat' dir='ltr'><strong>muneribus,</strong></span> <span class='ocrx_word' id='word_1_228' title='bbox 1310 1805 1402 1842; x_wconf 88' lang='lat' dir='ltr'><strong>tum</strong></span> <span class='ocrx_word' id='word_1_229' title='bbox 1430 1798 1458 1841; x_wconf 92' lang='lat' dir='ltr'><strong>h</strong></span> <span class='ocrx_word' id='word_1_230' title='bbox 1490 1825 1505 1831; x_wconf 91' lang='lat'>-</span> 
     </span>
    </p>

    <p class='ocr_par' dir='ltr' id='par_1_8' title="bbox 26 1854 1504 1911">
     <span class='ocr_line' id='line_1_40' title="bbox 26 1854 1504 1911; baseline -0.002 -11"><span class='ocrx_word' id='word_1_231' title='bbox 26 1863 39 1910; x_wconf 40' lang='grc' dir='ltr'><strong>,ζ</strong></span> <span class='ocrx_word' id='word_1_232' title='bbox 66 1871 150 1900; x_wconf 88' lang='lat' dir='ltr'><strong>··e1</strong></span> <span class='ocrx_word' id='word_1_233' title='bbox 179 1856 382 1899; x_wconf 86' lang='lat' dir='ltr'><strong>exercitio</strong></span> <span class='ocrx_word' id='word_1_234' title='bbox 403 1855 540 1899; x_wconf 84' lang='lat' dir='ltr'><strong>dulcis</strong></span> <span class='ocrx_word' id='word_1_235' title='bbox 552 1862 583 1911; x_wconf 84' lang='lat'><strong>⁴,</strong></span> <span class='ocrx_word' id='word_1_236' title='bbox 614 1855 839 1898; x_wconf 85' lang='lat' dir='ltr'><strong>nonnullos</strong></span> <span class='ocrx_word' id='word_1_237' title='bbox 861 1854 943 1898; x_wconf 90' lang='lat' dir='ltr'><strong>sibi</strong></span> <span class='ocrx_word' id='word_1_238' title='bbox 972 1854 1118 1899; x_wconf 87' lang='lat' dir='ltr'><strong>fideles</strong></span> <span class='ocrx_word' id='word_1_239' title='bbox 1139 1855 1349 1899; x_wconf 83' lang='lat' dir='ltr'><strong>effecerat.</strong></span> <span class='ocrx_word' id='word_1_240' title='bbox 1379 1854 1449 1899; x_wconf 93' lang='lat' dir='ltr'><strong>Un</strong></span> <span class='ocrx_word' id='word_1_241' title='bbox 1482 1870 1504 1897; x_wconf 88' lang='lat' dir='ltr'><strong>c</strong></span> 
     </span>
    </p>

    <p class='ocr_par' dir='ltr' id='par_1_9' title="bbox 23 1910 1506 2179">
     <span class='ocr_line' id='line_1_41' title="bbox 23 1910 1505 1971; baseline -0.003 -14"><span class='ocrx_word' id='word_1_242' title='bbox 23 1916 42 1971; x_wconf 41' lang='grc' dir='ltr'><strong>ᾗ,</strong></span> <span class='ocrx_word' id='word_1_243' title='bbox 63 1911 205 1968; x_wconf 79' lang='lat' dir='ltr'><strong>·tigit‚</strong></span> <span class='ocrx_word' id='word_1_244' title='bbox 245 1918 294 1956; x_wconf 92' lang='lat' dir='ltr'><strong>ut</strong></span> <span class='ocrx_word' id='word_1_245' title='bbox 330 1911 433 1955; x_wconf 90' lang='lat' dir='ltr'><strong>dum</strong></span> <span class='ocrx_word' id='word_1_246' title='bbox 470 1911 599 1970; x_wconf 82' lang='lat' dir='ltr'><strong>paulo</strong></span> <span class='ocrx_word' id='word_1_247' title='bbox 637 1920 735 1969; x_wconf 89' lang='lat' dir='ltr'><strong>post</strong></span> <span class='ocrx_word' id='word_1_248' title='bbox 763 1927 789 1954; x_wconf 85' lang='lat' dir='ltr'><strong>a</strong></span> <span class='ocrx_word' id='word_1_249' title='bbox 817 1912 1078 1969; x_wconf 86' lang='lat' dir='ltr'><strong>Berengario</strong></span> <span class='ocrx_word' id='word_1_250' title='bbox 1117 1910 1243 1955; x_wconf 88' lang='lat' dir='ltr'><strong>simul</strong></span> <span class='ocrx_word' id='word_1_251' title='bbox 1281 1926 1379 1954; x_wconf 89' lang='lat' dir='ltr'><strong>cum</strong></span> <span class='ocrx_word' id='word_1_252' title='bbox 1418 1910 1505 1953; x_wconf 87' lang='lat' dir='ltr'><strong>filio</strong></span> 
     </span>
     <span class='ocr_line' id='line_1_42' title="bbox 63 1967 1506 2028; baseline -0.001 -17.026"><span class='ocrx_word' id='word_1_253' title='bbox 63 1974 237 2028; x_wconf 84' lang='lat' dir='ltr'><strong>peretur</strong></span> <span class='ocrx_word' id='word_1_254' title='bbox 264 1974 307 2012; x_wconf 92' lang='lat' dir='ltr'><strong>et</strong></span> <span class='ocrx_word' id='word_1_255' title='bbox 332 1967 507 2012; x_wconf 80' lang='lat' dir='ltr'><strong>Mantue</strong></span> <span class='ocrx_word' id='word_1_256' title='bbox 537 1967 727 2010; x_wconf 87' lang='lat' dir='ltr'><strong>custodie</strong></span> <span class='ocrx_word' id='word_1_257' title='bbox 757 1974 981 2023; x_wconf 87' lang='lat' dir='ltr'><strong>teneretur,</strong></span> <span class='ocrx_word' id='word_1_258' title='bbox 1011 1982 1110 2011; x_wconf 89' lang='lat' dir='ltr'><strong>suos</strong></span> <span class='ocrx_word' id='word_1_259' title='bbox 1139 1974 1283 2011; x_wconf 83' lang='lat' dir='ltr'><strong>tamen</strong></span> <span class='ocrx_word' id='word_1_260' title='bbox 1313 1967 1506 2011; x_wconf 85' lang='lat' dir='ltr'><strong>civitates</strong></span> 
     </span>
     <span class='ocr_line' id='line_1_43' title="bbox 82 2022 1506 2081; baseline -0.002 -13.119"><span class='ocrx_word' id='word_1_261' title='bbox 82 2022 255 2068; x_wconf 79' lang='lat' dir='ltr'><strong>castella</strong></span> <span class='ocrx_word' id='word_1_262' title='bbox 283 2025 427 2068; x_wconf 85' lang='lat' dir='ltr'><strong>omnia</strong></span> <span class='ocrx_word' id='word_1_263' title='bbox 454 2024 545 2081; x_wconf 84' lang='lat' dir='ltr'><strong>regi</strong></span> <span class='ocrx_word' id='word_1_264' title='bbox 565 2024 823 2081; x_wconf 84' lang='lat' dir='ltr'><strong>Berengario</strong></span> <span class='ocrx_word' id='word_1_265' title='bbox 853 2024 1026 2067; x_wconf 90' lang='lat' dir='ltr'><strong>minime</strong></span> <span class='ocrx_word' id='word_1_266' title='bbox 1055 2022 1304 2077; x_wconf 87' lang='lat' dir='ltr'><strong>reddidisse,</strong></span> <span class='ocrx_word' id='word_1_267' title='bbox 1334 2022 1410 2066; x_wconf 86' lang='lat' dir='ltr'><strong>sed</strong></span> <span class='ocrx_word' id='word_1_268' title='bbox 1439 2023 1506 2065; x_wconf 91' lang='lat' dir='ltr'><strong>fir-</strong></span> 
     </span>
     <span class='ocr_line' id='line_1_44' title="bbox 53 2077 1505 2179; baseline -0.002 -54.061"><span class='ocrx_word' id='word_1_269' title='bbox 23 2079 371 2179; x_wconf 50' lang='lat' dir='ltr'><strong>{ffteiisttenuissffi</strong></span> <span class='ocrx_word' id='word_1_270' title='bbox 408 2094 589 2138; x_wconf 85' lang='lat' dir='ltr'><strong>eamque</strong></span> <span class='ocrx_word' id='word_1_271' title='bbox 625 2079 897 2137; x_wconf 87' lang='lat' dir='ltr'><strong>postmodum</strong></span> <span class='ocrx_word' id='word_1_272' title='bbox 937 2079 991 2124; x_wconf 89' lang='lat' dir='ltr'><strong>de</strong></span> <span class='ocrx_word' id='word_1_273' title='bbox 1021 2079 1216 2123; x_wconf 81' lang='lat' dir='ltr'><strong>custodia</strong></span> <span class='ocrx_word' id='word_1_274' title='bbox 1251 2077 1379 2121; x_wconf 88' lang='lat' dir='ltr'><strong>simul</strong></span> <span class='ocrx_word' id='word_1_275' title='bbox 1409 2093 1505 2122; x_wconf 89' lang='lat' dir='ltr'><strong>cum</strong></span> 
     </span>
    </p>

    <p class='ocr_par' dir='ltr' id='par_1_10' title="bbox 55 2150 340 2180">
     <span class='ocr_line' id='line_1_45' title="bbox 55 2150 340 2180; baseline 0 -1"><span class='ocrx_word' id='word_1_276' title='bbox 55 2150 97 2179; x_wconf 93' lang='lat' dir='ltr'><strong>o</strong></span> <span class='ocrx_word' id='word_1_277' title='bbox 187 2150 340 2180; x_wconf 79' lang='lat' dir='ltr'><strong>erasse.</strong></span> 
     </span>
    </p>

    <p class='ocr_par' dir='ltr' id='par_1_11' title="bbox 22 2191 1505 2361">
     <span class='ocr_line' id='line_1_46' title="bbox 122 2191 1505 2247; baseline -0.003 -11.27"><span class='ocrx_word' id='word_1_278' title='bbox 122 2193 191 2236; x_wconf 80' lang='lat'><strong>56.</strong></span> <span class='ocrx_word' id='word_1_279' title='bbox 234 2191 376 2247; x_wconf 85' lang='lat' dir='ltr'><strong>Haec,</strong></span> <span class='ocrx_word' id='word_1_280' title='bbox 419 2199 467 2235; x_wconf 89' lang='lat' dir='ltr'><strong>ut</strong></span> <span class='ocrx_word' id='word_1_281' title='bbox 507 2206 654 2235; x_wconf 90' lang='lat' dir='ltr'><strong>rumor</strong></span> <span class='ocrx_word' id='word_1_282' title='bbox 695 2199 781 2246; x_wconf 87' lang='lat' dir='ltr'><strong>cst,</strong></span> <span class='ocrx_word' id='word_1_283' title='bbox 821 2199 906 2234; x_wconf 88' lang='lat' dir='ltr'><strong>tres</strong></span> <span class='ocrx_word' id='word_1_284' title='bbox 942 2206 996 2234; x_wconf 84' lang='lat' dir='ltr'><strong>ex</strong></span> <span class='ocrx_word' id='word_1_285' title='bbox 1034 2191 1126 2234; x_wconf 91' lang='lat' dir='ltr'><strong>viro</strong></span> <span class='ocrx_word' id='word_1_286' title='bbox 1166 2205 1245 2233; x_wconf 86' lang='lat' dir='ltr'><strong>suo</strong></span> <span class='ocrx_word' id='word_1_287' title='bbox 1288 2197 1505 2247; x_wconf 84' lang='lat' dir='ltr'><strong>genuerat,</strong></span> 
     </span>
     <span class='ocr_line' id='line_1_47' title="bbox 40 2245 1505 2312; baseline -0.002 -20.028"><span class='ocrx_word' id='word_1_288' title='bbox 40 2246 242 2292; x_wconf 53' lang='lat' dir='ltr'><strong>stidonem</strong></span> <span class='ocrx_word' id='word_1_289' title='bbox 278 2262 406 2306; x_wconf 88' lang='lat' dir='ltr'><strong>quem</strong></span> <span class='ocrx_word' id='word_1_290' title='bbox 446 2246 733 2305; x_wconf 87' lang='lat' dir='ltr'><strong>prediximus,</strong></span> <span class='ocrx_word' id='word_1_291' title='bbox 773 2253 902 2304; x_wconf 86' lang='lat' dir='ltr'><strong>atque</strong></span> <span class='ocrx_word' id='word_1_292' title='bbox 939 2245 1240 2302; x_wconf 88' lang='lat' dir='ltr'><strong>Lambertum,</strong></span> <span class='ocrx_word' id='word_1_293' title='bbox 1281 2247 1354 2312; x_wconf 87' lang='lat' dir='ltr'><strong>qui</strong></span> <span class='ocrx_word' id='word_1_294' title='bbox 1392 2260 1505 2289; x_wconf 89' lang='lat' dir='ltr'><strong>nunc</strong></span> 
     </span>
     <span class='ocr_line' id='line_1_48' title="bbox 76 2301 1505 2361; baseline -0.002 -13.105"><span class='ocrx_word' id='word_1_295' title='bbox 76 2318 149 2348; x_wconf 71' lang='lat' dir='ltr'><strong>uue</strong></span> <span class='ocrx_word' id='word_1_296' title='bbox 179 2303 336 2347; x_wconf 89' lang='lat' dir='ltr'><strong>lumine</strong></span> <span class='ocrx_word' id='word_1_297' title='bbox 365 2303 557 2361; x_wconf 84' lang='lat' dir='ltr'><strong>privatus</strong></span> <span class='ocrx_word' id='word_1_298' title='bbox 587 2318 636 2346; x_wconf 92' lang='lat' dir='ltr'><strong>su</strong></span> <span class='ocrx_word' id='word_1_299' title='bbox 669 2309 827 2358; x_wconf 82' lang='lat' dir='ltr'><strong>erest⁸,</strong></span> <span class='ocrx_word' id='word_1_300' title='bbox 866 2301 1205 2360; x_wconf 85' lang='lat' dir='ltr'><strong>Ermengardam</strong></span> <span class='ocrx_word' id='word_1_301' title='bbox 1245 2309 1372 2346; x_wconf 79' lang='lat' dir='ltr'><strong>etlam</strong></span> <span class='ocrx_word' id='word_1_302' title='bbox 1403 2315 1505 2360; x_wconf 80' lang='lat' dir='ltr'><strong>gna-</strong></span> 
     </span>
    </p>

    <p class='ocr_par' dir='ltr' id='par_1_12' title="bbox 31 2357 1505 2417">
     <span class='ocr_line' id='line_1_49' title="bbox 31 2357 1505 2417; baseline -0.001 -14"><span class='ocrx_word' id='word_1_303' title='bbox 31 2387 33 2389; x_wconf 97' lang='grc'>-</span> <span class='ocrx_word' id='word_1_304' title='bbox 56 2379 89 2398; x_wconf 84' lang='grc' dir='ltr'><strong>ιιι</strong></span> <span class='ocrx_word' id='word_1_305' title='bbox 121 2374 241 2403; x_wconf 85' lang='lat' dir='ltr'><strong>suam</strong></span> <span class='ocrx_word' id='word_1_306' title='bbox 264 2359 346 2404; x_wconf 86' lang='lat' dir='ltr'><strong>sibi</strong></span> <span class='ocrx_word' id='word_1_307' title='bbox 366 2359 550 2403; x_wconf 87' lang='lat' dir='ltr'><strong>Afroditi</strong></span> <span class='ocrx_word' id='word_1_308' title='bbox 569 2358 628 2402; x_wconf 89' lang='lat' dir='ltr'><strong>du</strong></span> <span class='ocrx_word' id='word_1_309' title='bbox 645 2358 795 2402; x_wconf 87' lang='lat' dir='ltr'><strong>cedinc</strong></span> <span class='ocrx_word' id='word_1_310' title='bbox 826 2358 1085 2417; x_wconf 84' lang='lat' dir='ltr'><strong>coequalem,</strong></span> <span class='ocrx_word' id='word_1_311' title='bbox 1117 2372 1247 2417; x_wconf 88' lang='lat' dir='ltr'><strong>quam</strong></span> <span class='ocrx_word' id='word_1_312' title='bbox 1275 2357 1505 2402; x_wconf 86' lang='lat' dir='ltr'><strong>Adclberto</strong></span> 
     </span>
    </p>
   </div>
   <div class='ocr_carea' id='block_1_4' title="bbox 24 2463 1320 2520">
    <p class='ocr_par' dir='ltr' id='par_1_13' title="bbox 24 2463 1320 2520">
     <span class='ocr_line' id='line_1_50' title="bbox 24 2463 1320 2520; baseline -0.001 -5"><span class='ocrx_word' id='word_1_313' title='bbox 24 2463 47 2518; x_wconf 61' lang='grc' dir='ltr'><strong>Δἶ,</strong></span> <span class='ocrx_word' id='word_1_314' title='bbox 67 2487 260 2515; x_wconf 65' lang='lat' dir='ltr'><strong>sentimum·</strong></span> <span class='ocrx_word' id='word_1_315' title='bbox 282 2488 309 2514; x_wconf 86' lang='lat'><strong>1.</strong></span> <span class='ocrx_word' id='word_1_316' title='bbox 390 2485 423 2520; x_wconf 79' lang='lat' dir='ltr'><strong>b)</strong></span> <span class='ocrx_word' id='word_1_317' title='bbox 444 2486 590 2513; x_wconf 64' lang='lat' dir='ltr'><strong>difficilior</strong></span> <span class='ocrx_word' id='word_1_318' title='bbox 613 2488 638 2515; x_wconf 81' lang='lat'><strong>1.</strong></span> <span class='ocrx_word' id='word_1_319' title='bbox 718 2486 747 2519; x_wconf 71' lang='lat' dir='ltr'><strong>e)</strong></span> <span class='ocrx_word' id='word_1_320' title='bbox 769 2486 939 2513; x_wconf 68' lang='lat' dir='ltr'><strong>sanctisimi</strong></span> <span class='ocrx_word' id='word_1_321' title='bbox 963 2487 988 2514; x_wconf 84' lang='lat'><strong>1.</strong></span> <span class='ocrx_word' id='word_1_322' title='bbox 1071 2485 1102 2520; x_wconf 82' lang='lat' dir='ltr'><strong>d)</strong></span> <span class='ocrx_word' id='word_1_323' title='bbox 1125 2485 1270 2513; x_wconf 74' lang='lat' dir='ltr'><strong>celiidste</strong></span> <span class='ocrx_word' id='word_1_324' title='bbox 1294 2487 1320 2514; x_wconf 83' lang='lat'><strong>1.</strong></span> 
     </span>
    </p>
   </div>
   <div class='ocr_carea' id='block_1_5' title="bbox 27 2586 1505 2931">
    <p class='ocr_par' dir='ltr' id='par_1_14' title="bbox 27 2586 1505 2931">
     <span class='ocr_line' id='line_1_51' title="bbox 27 2586 1504 2645; baseline -0.003 -17"><span class='ocrx_word' id='word_1_325' title='bbox 27 2586 48 2645; x_wconf 66' lang='lat'><strong>}-</strong></span> <span class='ocrx_word' id='word_1_326' title='bbox 92 2592 145 2628; x_wconf 76' lang='lat' dir='ltr'><strong>CI.</strong></span> <span class='ocrx_word' id='word_1_327' title='bbox 181 2604 212 2627; x_wconf 84' lang='lat' dir='ltr'><strong>c.</strong></span> <span class='ocrx_word' id='word_1_328' title='bbox 247 2593 293 2627; x_wconf 73' lang='lat'><strong>65</strong></span> <span class='ocrx_word' id='word_1_329' title='bbox 327 2604 362 2628; x_wconf 84' lang='lat' dir='ltr'><strong>v.</strong></span> <span class='ocrx_word' id='word_1_330' title='bbox 400 2594 431 2627; x_wconf 87' lang='lat'><strong>1.</strong></span> <span class='ocrx_word' id='word_1_331' title='bbox 471 2594 506 2628; x_wconf 77' lang='lat'><strong>2.</strong></span> <span class='ocrx_word' id='word_1_332' title='bbox 625 2591 663 2636; x_wconf 80' lang='lat'><strong>2)</strong></span> <span class='ocrx_word' id='word_1_333' title='bbox 699 2593 877 2627; x_wconf 71' lang='lat' dir='ltr'><strong>Iohannes</strong></span> <span class='ocrx_word' id='word_1_334' title='bbox 913 2603 1008 2637; x_wconf 72' lang='lat' dir='ltr'><strong>pape</strong></span> <span class='ocrx_word' id='word_1_335' title='bbox 1042 2592 1261 2626; x_wconf 72' lang='lat' dir='ltr'><strong>Herimanno</strong></span> <span class='ocrx_word' id='word_1_336' title='bbox 1298 2591 1504 2626; x_wconf 77' lang='lat' dir='ltr'><strong>Coloniensi</strong></span> 
     </span>
     <span class='ocr_line' id='line_1_52' title="bbox 30 2640 1505 2687; baseline -0.001 -11"><span class='ocrx_word' id='word_1_337' title='bbox 30 2641 285 2687; x_wconf 81' lang='lat' dir='ltr'><strong>hiepiscopo</strong></span> <span class='ocrx_word' id='word_1_338' title='bbox 318 2642 544 2676; x_wconf 67' lang='lat' dir='ltr'><strong>‘beatissimis</strong></span> <span class='ocrx_word' id='word_1_339' title='bbox 579 2641 720 2676; x_wconf 80' lang='lat' dir='ltr'><strong>scilicet</strong></span> <span class='ocrx_word' id='word_1_340' title='bbox 752 2641 923 2686; x_wconf 77' lang='lat' dir='ltr'><strong>apostolis</strong></span> <span class='ocrx_word' id='word_1_341' title='bbox 957 2640 1272 2675; x_wconf 59' lang='lat' dir='ltr'><strong>intercedentibus</strong></span> <span class='ocrx_word' id='word_1_342' title='bbox 1306 2641 1505 2675; x_wconf 76' lang='lat' dir='ltr'><strong>Saracenos</strong></span> 
     </span>
     <span class='ocr_line' id='line_1_53' title="bbox 90 2687 1504 2736; baseline -0.002 -11.118"><span class='ocrx_word' id='word_1_343' title='bbox 90 2695 206 2736; x_wconf 80' lang='lat' dir='ltr'><strong>=pstos</strong></span> <span class='ocrx_word' id='word_1_344' title='bbox 241 2701 319 2725; x_wconf 88' lang='lat' dir='ltr'><strong>esse</strong></span> <span class='ocrx_word' id='word_1_345' title='bbox 352 2692 494 2735; x_wconf 80' lang='lat' dir='ltr'><strong>scripsit</strong></span> <span class='ocrx_word' id='word_1_346' title='bbox 528 2690 660 2735; x_wconf 80' lang='lat' dir='ltr'><strong>(Floss,</strong></span> <span class='ocrx_word' id='word_1_347' title='bbox 687 2691 818 2725; x_wconf 83' lang='lat' dir='ltr'><strong>Leonis</strong></span> <span class='ocrx_word' id='word_1_348' title='bbox 854 2690 955 2724; x_wconf 89' lang='lat' dir='ltr'><strong>VIII.</strong></span> <span class='ocrx_word' id='word_1_349' title='bbox 982 2700 1099 2735; x_wconf 71' lang='lat' dir='ltr'><strong>papae</strong></span> <span class='ocrx_word' id='word_1_350' title='bbox 1138 2689 1302 2734; x_wconf 78' lang='lat' dir='ltr'><strong>privileg.</strong></span> <span class='ocrx_word' id='word_1_351' title='bbox 1343 2701 1377 2734; x_wconf 86' lang='lat' dir='ltr'><strong>p.</strong></span> <span class='ocrx_word' id='word_1_352' title='bbox 1407 2687 1504 2732; x_wconf 80' lang='grc'>106).</span> 
     </span>
     <span class='ocr_line' id='line_1_54' title="bbox 32 2737 1504 2784; baseline -0.003 -10"><span class='ocrx_word' id='word_1_353' title='bbox 32 2767 45 2781; x_wconf 64' lang='grc'><strong>,,</strong></span> <span class='ocrx_word' id='word_1_354' title='bbox 81 2738 136 2775; x_wconf 77' lang='lat' dir='ltr'><strong>cf.</strong></span> <span class='ocrx_word' id='word_1_355' title='bbox 162 2739 218 2773; x_wconf 89' lang='lat'><strong>111</strong></span> <span class='ocrx_word' id='word_1_356' title='bbox 246 2751 277 2774; x_wconf 74' lang='lat' dir='ltr'><strong>c.</strong></span> <span class='ocrx_word' id='word_1_357' title='bbox 308 2739 363 2781; x_wconf 86' lang='lat'><strong>18,</strong></span> <span class='ocrx_word' id='word_1_358' title='bbox 402 2740 611 2783; x_wconf 71' lang='lat' dir='ltr'><strong>Bet-eugerii</strong></span> <span class='ocrx_word' id='word_1_359' title='bbox 638 2739 796 2784; x_wconf 69' lang='lat' dir='ltr'><strong>diploma</strong></span> <span class='ocrx_word' id='word_1_360' title='bbox 821 2750 854 2772; x_wconf 74' lang='lat' dir='ltr'><strong>a.</strong></span> <span class='ocrx_word' id='word_1_361' title='bbox 882 2739 953 2772; x_wconf 73' lang='lat'><strong>915</strong></span> <span class='ocrx_word' id='word_1_362' title='bbox 982 2738 1040 2773; x_wconf 85' lang='lat' dir='ltr'><strong>die</strong></span> <span class='ocrx_word' id='word_1_363' title='bbox 1067 2738 1101 2773; x_wconf 86' lang='grc'><strong>8.</strong></span> <span class='ocrx_word' id='word_1_364' title='bbox 1128 2739 1218 2773; x_wconf 89' lang='lat' dir='ltr'><strong>Dec.</strong></span> <span class='ocrx_word' id='word_1_365' title='bbox 1245 2748 1356 2772; x_wconf 87' lang='lat' dir='ltr'><strong>mens.</strong></span> <span class='ocrx_word' id='word_1_366' title='bbox 1382 2737 1504 2771; x_wconf 77' lang='lat' dir='ltr'><strong>datum</strong></span> 
     </span>
     <span class='ocr_line' id='line_1_55' title="bbox 31 2786 1505 2832; baseline -0.002 -10"><span class='ocrx_word' id='word_1_367' title='bbox 31 2808 46 2832; x_wconf 23' lang='grc' dir='ltr'><strong>,Ἀ</strong></span> <span class='ocrx_word' id='word_1_368' title='bbox 75 2805 78 2812; x_wconf 69' lang='grc' dir='ltr'><strong>ι</strong></span> <span class='ocrx_word' id='word_1_369' title='bbox 106 2787 289 2832; x_wconf 74' lang='lat' dir='ltr'><strong>nehungen</strong></span> <span class='ocrx_word' id='word_1_370' title='bbox 323 2798 384 2822; x_wconf 79' lang='lat' dir='ltr'><strong>zm·</strong></span> <span class='ocrx_word' id='word_1_371' title='bbox 422 2788 619 2822; x_wconf 79' lang='lat' dir='ltr'><strong>deutschen</strong></span> <span class='ocrx_word' id='word_1_372' title='bbox 654 2788 784 2823; x_wconf 82' lang='lat' dir='ltr'><strong>Geseh.</strong></span> <span class='ocrx_word' id='word_1_373' title='bbox 820 2788 873 2829; x_wconf 82' lang='lat' dir='ltr'><strong>X,</strong></span> <span class='ocrx_word' id='word_1_374' title='bbox 911 2786 1010 2828; x_wconf 78' lang='lat'><strong>289).</strong></span> <span class='ocrx_word' id='word_1_375' title='bbox 1126 2788 1165 2823; x_wconf 78' lang='grc'><strong>4)</strong></span> <span class='ocrx_word' id='word_1_376' title='bbox 1200 2788 1300 2821; x_wconf 83' lang='lat' dir='ltr'><strong>&#39;I&#39;unc</strong></span> <span class='ocrx_word' id='word_1_377' title='bbox 1335 2787 1505 2830; x_wconf 80' lang='lat' dir='ltr'><strong>temporis</strong></span> 
     </span>
     <span class='ocr_line' id='line_1_56' title="bbox 33 2834 1504 2882; baseline -0.001 -12"><span class='ocrx_word' id='word_1_378' title='bbox 33 2876 45 2881; x_wconf 36' lang='grc' dir='ltr'><strong>ι,</strong></span> <span class='ocrx_word' id='word_1_379' title='bbox 71 2855 73 2859; x_wconf 64' lang='grc' dir='ltr'><strong>ι</strong></span> <span class='ocrx_word' id='word_1_380' title='bbox 103 2836 150 2870; x_wconf 71' lang='lat' dir='ltr'><strong>he</strong></span> <span class='ocrx_word' id='word_1_381' title='bbox 176 2837 324 2872; x_wconf 82' lang='lat' dir='ltr'><strong>Veneris</strong></span> <span class='ocrx_word' id='word_1_382' title='bbox 349 2836 515 2882; x_wconf 80' lang='lat' dir='ltr'><strong>operibus</strong></span> <span class='ocrx_word' id='word_1_383' title='bbox 542 2838 611 2870; x_wconf 77' lang='lat' dir='ltr'><strong>ism</strong></span> <span class='ocrx_word' id='word_1_384' title='bbox 638 2838 751 2882; x_wconf 71' lang='lat' dir='ltr'><strong>imper</strong></span> <span class='ocrx_word' id='word_1_385' title='bbox 775 2837 883 2870; x_wconf 76' lang='lat' dir='ltr'><strong>fnisse</strong></span> <span class='ocrx_word' id='word_1_386' title='bbox 909 2837 1062 2870; x_wconf 81' lang='lat' dir='ltr'><strong>videtur.</strong></span> <span class='ocrx_word' id='word_1_387' title='bbox 1154 2835 1194 2879; x_wconf 78' lang='grc' dir='ltr'><strong>ὁ)</strong></span> <span class='ocrx_word' id='word_1_388' title='bbox 1222 2835 1277 2870; x_wconf 79' lang='lat' dir='ltr'><strong>cf.</strong></span> <span class='ocrx_word' id='word_1_389' title='bbox 1304 2835 1358 2868; x_wconf 88' lang='lat'><strong>111</strong></span> <span class='ocrx_word' id='word_1_390' title='bbox 1387 2845 1419 2869; x_wconf 89' lang='lat' dir='ltr'><strong>c.</strong></span> <span class='ocrx_word' id='word_1_391' title='bbox 1445 2834 1504 2868; x_wconf 73' lang='lat'><strong>48.</strong></span> 
     </span>
     <span class='ocr_line' id='line_1_57' title="bbox 35 2883 1471 2931; baseline -0.004 -9"><span class='ocrx_word' id='word_1_392' title='bbox 35 2883 47 2922; x_wconf 62' lang='lat' dir='ltr'><strong><em>f</em></strong></span> <span class='ocrx_word' id='word_1_393' title='bbox 68 2907 80 2929; x_wconf 82' lang='lat'><strong>,</strong></span> <span class='ocrx_word' id='word_1_394' title='bbox 102 2885 152 2920; x_wconf 80' lang='lat' dir='ltr'><strong>lv</strong></span> <span class='ocrx_word' id='word_1_395' title='bbox 179 2896 210 2920; x_wconf 81' lang='lat' dir='ltr'><strong>c.</strong></span> <span class='ocrx_word' id='word_1_396' title='bbox 242 2887 296 2920; x_wconf 86' lang='lat'><strong>10.</strong></span> <span class='ocrx_word' id='word_1_397' title='bbox 347 2885 403 2919; x_wconf 87' lang='lat' dir='ltr'><strong>De</strong></span> <span class='ocrx_word' id='word_1_398' title='bbox 430 2890 599 2931; x_wconf 81' lang='lat' dir='ltr'><strong>tempore,</strong></span> <span class='ocrx_word' id='word_1_399' title='bbox 627 2896 694 2930; x_wconf 83' lang='lat' dir='ltr'><strong>quo</strong></span> <span class='ocrx_word' id='word_1_400' title='bbox 722 2885 932 2919; x_wconf 67' lang='lat' dir='ltr'><strong>Lambertun</strong></span> <span class='ocrx_word' id='word_1_401' title='bbox 959 2889 1115 2919; x_wconf 79' lang='lat' dir='ltr'><strong>mortuus</strong></span> <span class='ocrx_word' id='word_1_402' title='bbox 1141 2885 1187 2918; x_wconf 80' lang='lat' dir='ltr'><strong>sit</strong></span> <span class='ocrx_word' id='word_1_403' title='bbox 1213 2884 1298 2917; x_wconf 84' lang='lat' dir='ltr'><strong>nihii</strong></span> <span class='ocrx_word' id='word_1_404' title='bbox 1322 2887 1471 2918; x_wconf 69' lang='lat' dir='ltr'><strong>constat.</strong></span> 
     </span>
    </p>
   </div>
  </div>
 </body>
</html>
