1838 3210
240 230 541 266 LIUDPRANDI
566 229 912 266 ANTAPODOSIS.
961 229 1058 265 LIB.
1085 229 1156 262 111.
1208 229 1253 262 26
1454 230 1499 263 65

22 347 39 383 ἰ
70 343 319 397 exandrum,
349 343 520 387 fratrem
550 355 814 399 germanum,
850 341 1109 399 unicumque
1138 355 1263 384 suum
1294 340 1581 384 Consum-⁹¹²·

2 401 164 454 μίιωει,
193 400 266 464 qui
294 413 407 442 nunc
428 404 621 456 superest
648 404 691 441 et
717 396 896 441 feliciter
923 404 1083 454 regnat,
1112 396 1351 454 parvulum,
1381 405 1423 440 et
1452 404 1500 442 ut

16 461 43 493 Ξ
57 456 146 500 reci
173 463 292 499 alunt
319 453 469 509 alalon,
499 454 543 497 id
571 462 634 497 est
661 468 749 496 non
772 452 1029 511 loquentem,
1066 457 1220 497 αλαλον
1252 452 1498 510 dereliquid.

30 512 184 556 uibus
213 510 269 554 ad
296 511 499 555 tuendum
530 509 733 567 palatium
763 509 1071 566 tutandamque
1092 525 1181 552 rem
1202 509 1423 567 privatam,
1454 516 1500 552 ut

63 568 109 611 ·’0
154 568 285 610 moris
332 574 408 621 est,
456 566 694 609 eunuchum
744 565 884 609 officio
929 565 1323 631 parakinumenon¹
1369 565 1497 618 dedit,

32 625 161 667 ocan
190 638 290 667 vero
320 625 565 677 δομεστικον
595 638 731 677 μεγαν,
761 621 1039 665 domesticum
1070 622 1285 676 maiorem,
1324 620 1405 664 hoc
1436 629 1501 664 est

6 701 15 733 χ
42 700 51 717 ι
108 686 220 723 utus
248 679 400 723 ducem
431 679 655 732 exercitus,
685 678 798 722 fecit.
855 678 1075 720 Romanon
1096 684 1252 731 autem,
1279 692 1364 720 non
1384 677 1498 720 claro

52 734 216 779 talium
268 735 392 778 hortu
443 735 519 779 sed
563 735 704 778 cordis
749 734 1093 792 magnanimitate
1146 732 1396 799 delongarin
1445 734 1498 776 tis

7 815 32 828 ..
57 793 146 846 οὸε,
186 794 435 859 δελονγαρην
471 805 545 845 της
574 795 722 845 πλοῶς,
762 791 841 833 hoc
869 797 932 834 est
958 789 1119 832 navalis
1147 797 1360 833 exercitus
1388 790 1501 847 prin-

7 848 166 907 spem,
196 848 419 891 ordinavit.
476 847 722 890 Alexander
760 854 857 904 post
885 846 1101 889 modicum
1140 846 1375 900 defunctus,
1419 846 1496 888 soli

16 951 21 954 ,
51 905 290 948 onstantino
319 903 496 961 parvulo
526 904 583 946 im
616 904 748 947 erium
778 901 1012 960 dereliquit.
1080 901 1278 960 Denique
1307 908 1391 944 tem
1425 916 1497 945 ore
1512 918 1582 946 01³.

8 969 99 1012 uo
128 975 169 1003 m
258 975 307 1002 us
336 961 566 1017 imperator
658 974 681 1001 o
721 959 917 1017 migravit
955 958 1009 1000 ad
1041 957 1270 1011 Christum,
1310 973 1384 1015 pre
1402 964 1496 1001 atus

31 1018 153 1060 ocas
211 1017 452 1070 omcsticus,
474 1016 688 1061 ,terrestris
714 1014 804 1058 dux
830 1015 1056 1068 exercitus,
1087 1020 1234 1057 contra
1255 1013 1497 1058 Simeonem

10 1071 310 1138 ’'ulgariorum
340 1087 484 1129 regem
515 1072 659 1129 copias
690 1071 884 1125 duxerat,
929 1072 1053 1128 eique
1085 1069 1496 1128 Constantinopolim

14 1179 15 1182 Ἴ
39 1142 156 1171 ιωω
191 1129 377 1186 cupienti
406 1143 491 1171 non
519 1127 737 1170 inviriliter
764 1133 1063 1185 repugnarat&
1122 1126 1335 1169 Romanos
1379 1141 1496 1180 vero,
1512 1144 1579 1170 919.

23 1182 60 1233 ft
86 1199 173 1227 non
201 1184 436 1238 incallidus,
467 1184 611 1227 audito
640 1185 955 1241 imperatorum,
995 1183 1151 1225 Leonis
1180 1182 1340 1226 scilicet
1368 1190 1497 1240 atque

12 1250 36 1287 .·
68 1240 260 1295 exandri,
299 1241 483 1295 interitu,
528 1239 643 1283 haud
682 1238 806 1297 longe
844 1238 898 1282 ab
939 1237 1044 1282 urbe
1085 1237 1260 1282 collecto
1296 1238 1497 1282 classium

69 1297 202 1340 ercitu
231 1296 322 1351 fuit,
349 1305 396 1340 at
427 1311 479 1339 ue
508 1297 552 1338 in
580 1295 761 1339 insulam
790 1309 966 1353 parvam
995 1296 1116 1338 iuxta
1144 1294 1499 1352 Constantinopo-

54 1373 99 1407 ιι,
127 1353 187 1396 ita
214 1360 263 1396 ut
290 1367 314 1396 e
414 1353 526 1395 atiob
565 1352 701 1396 videri
735 1367 870 1410 poene
909 1358 1065 1409 posset,
1106 1351 1269 1395 ratibus
1307 1350 1495 1395 collectis

48 1409 223 1452 venit².
280 1408 320 1452 A
388 1408 593 1475 palatium
626 1415 768 1452 autem
808 1409 982 1451 minime
1015 1406 1312 1462 transfretavit,
1351 1407 1497 1451 laudes

32 1472 35 1474 ’
116 1484 121 1501 =
153 1465 503 1509 consuetudinem
523 1464 888 1522 Porphyrogenito
910 1464 1083 1507 minime
1103 1463 1358 1507 decantavit.
1401 1463 1496 1518 Que

20 1534 74 1574 μ’.
127 1520 323 1564 eunucho
376 1520 714 1579 parakinumeno
769 1521 1017 1578 cunctisque
1066 1519 1494 1576 Constantinupoleos

68 1577 276 1634 ⁰·cipibus
305 1585 521 1635 stuporem
551 1578 799 1620 timoremve
826 1591 1005 1634 parvum
1035 1590 1120 1618 non
1148 1575 1311 1619 adtulit.
1365 1577 1496 1619 Inter-

24 1632 173 1688 ⁴suctus
200 1635 357 1692 imque,
386 1633 489 1691 quid
519 1633 599 1677 hoc
626 1634 802 1676 monstri
821 1633 887 1687 sit,
917 1632 1032 1690 quod
1051 1647 1194 1689 regem
1214 1647 1300 1675 non
1318 1633 1497 1676 adjerite

24 1688 243 1748 'desque
286 1689 451 1734 debitas
493 1704 578 1732 non
622 1688 883 1747 persolverit,
923 1689 1203 1732 sciscitaturd.
1260 1688 1428 1746 Hisque
1471 1703 1498 1731 a

29 1759 206 1792 mano
249 1746 541 1804 respondetur,
576 1745 691 1804 quod
726 1746 924 1803 propriae
959 1745 1073 1788 vitae
1111 1746 1264 1788 timens
1291 1744 1496 1802 palatium

44 1823 59 1858 j
94 1800 258 1857 linarit3
301 1810 344 1846 et
380 1801 550 1856 adiecit,
586 1801 701 1860 quod
737 1802 773 1844 si
807 1800 1164 1859 parakinumenos
1193 1801 1369 1844 caeteris
1397 1815 1497 1843 cum

36 1852 278 1916 'w'eipibus
307 1874 352 1901 se
388 1873 474 1901 non
510 1857 659 1912 adiret,
693 1858 911 1915 vitamque
952 1856 1010 1899 illi
1041 1864 1083 1900 et
1110 1857 1312 1900 honorem
1343 1857 1498 1900 iureiu-

75 1913 148 1957 (10
167 1915 443 1972 promitteret,
472 1929 574 1957 mox
594 1929 639 1957 se
658 1913 714 1957 ad
735 1913 1001 1958 Cretensium
1023 1914 1331 1957 Saracenorum
1351 1928 1496 1970 regem

24 1958 236 2026 '5‹nferret‚
270 1985 535 2028 regnumque
570 1969 825 2028 Argivorum
863 1970 928 2013 sui
966 1969 1114 2012 auxilii
1152 1969 1397 2013 fortitudine
1427 1969 1498 2012 de-

22 2013 71 2072 lfia-
108 2047 113 2061 π
147 2034 201 2070 et.
278 2026 406 2081 Quod
454 2041 582 2092 quam
637 2025 787 2070 callide
835 2025 1009 2080 dixerit,
1065 2027 1203 2069 exitus
1252 2025 1497 2069 declarabit.

32 2090 56 2132 *ρ
69 2082 152 2125 'tur
179 2082 294 2141 quod
322 2083 472 2140 prefati
500 2097 660 2137 sumus,
697 2083 911 2149 principes
945 2089 1103 2125 terrore
1134 2080 1341 2139 compulsi
1380 2082 1498 2138 igno-

26 2130 53 2198 ,ᾗ
74 2145 156 2182 ·tes
188 2153 242 2182 ue
270 2138 385 2197 quod
414 2138 562 2182 lateret
581 2153 732 2195 anguis
752 2139 796 2182 in
816 2138 947 2182 herba
958 2145 990 2193 ³,
1021 2153 1166 2180 omnes
1188 2137 1300 2180 hunc
1323 2137 1498 2180 fiducia-

193 2204 307 2250 eunt,
337 2194 452 2253 quod
490 2195 768 2238 mandaverat
803 2201 1021 2252 gratanter
1058 2195 1274 2251 cupientes
1309 2192 1498 2251 implere.

35 2268 44 2273 ¹·
70 2264 136 2294 ·os
165 2266 324 2306 omnes,
354 2266 438 2294 non
469 2250 580 2294 malo
609 2250 784 2294 consilio
819 2257 1010 2308 accepto,
1051 2250 1261 2307 proiectos
1300 2250 1344 2292 in
1373 2250 1498 2293 senti·

28 2298 47 2365 ‘f
83 2327 104 2347 ι.
143 2305 263 2364 ligat3
293 2307 441 2365 sicque
470 2321 644 2350 securus
682 2307 737 2350 ad
773 2305 922 2349 urbem
962 2319 1117 2363 magno
1157 2321 1254 2350 cum
1294 2306 1499 2349 comitatu

38 2406 45 2411 ,
90 2363 196 2417 'nat‚
226 2364 290 2418 iis,
321 2378 428 2421 quos
455 2369 674 2421 suspectos
708 2361 926 2417 habuerat,
955 2361 1158 2420 palatium
1192 2370 1360 2421 purgat,
1399 2376 1499 2406 suae

31 2409 59 2430 ⁹
113 2419 126 2461 i
155 2426 434 2477 paroentes⁶⁴
462 2420 522 2463 ibi
542 2418 735 2463 collocat:
770 2426 990 2474 rectorem,
1020 2419 1256 2476 magistros,
1287 2418 1500 2476 patricios,

32 2485 35 2488 ’
67 2474 264 2531 othetin,
295 2475 522 2533 eparchon,
551 2475 765 2530 kitonitas,
801 2473 1095 2527 cubicuhtrios,
1125 2474 1500 2532 protospatharios,

36 2530 276 2587 'tharios‚
330 2530 806 2589 spatharocandidatos,
849 2530 1188 2589 parathalassitin
1231 2544 1330 2574 suos
1376 2530 1500 2583 facit3

32 2641 262 2693 reputa-but
280 2666 355 2686 corr.
369 2663 553 2694 reputa-rut
573 2668 596 2688 c.
673 2659 704 2694 b)
721 2659 839 2694 pul-uo
863 2660 890 2686 1.
959 2659 987 2693 c)
1004 2659 1134 2686 audierit
1158 2660 1182 2685 ι.
1252 2658 1283 2692 d)
1298 2659 1452 2685 nint-imur
1476 2659 1502 2686 Ι.

68 2701 232 2732 ”recucc-
256 2700 287 2732 ις
309 2707 327 2726 ο
348 2707 436 2726 πωπω
456 2700 589 2729 amuda.

92 2795 408 2846 παραιοιμόμενυς
440 2800 642 2845 praefectus
675 2801 767 2834 ucri
803 2798 972 2834 cubiculi.
1090 2800 1129 2842 2)
1165 2800 1334 2834 Iohannis
1370 2798 1503 2833 Chron-

39 2846 474 2940 “1.“1·11‘.⁵³3·a.v¹¹’⁴²>³³÷.²
497 2848 1111 2943 {J‘mwtss‘'gsssszbiifffm
1136 2847 1235 2883 ’‘³¹¹“
1330 2849 1368 2889 ‘³'
1396 2848 1506 2891 ‘'m“

1177 2966 1196 2997 5
