1838 3210
262 621 327 648 921.

196 1450 206 1461 '
223 1458 253 1485 p.
266 1451 332 1479 299.

265 1491 331 1518 921.

262 2297 336 2333 (ιο.)

171 2338 335 2367 911—937.

341 224 387 258 ⁴8
535 220 835 256 LIUDPRANDI
862 217 1206 255 ANTAPODOSIS.
1259 219 1355 254 LIB.
1382 219 1432 252 11.
1484 218 1643 254 ess-oo.
1670 247 1674 253 .

340 333 579 391 Eporegiae
620 332 802 375 civitatis
842 330 1095 384 marchioni,
1134 329 1254 373 Gisla
1291 330 1542 387 Berengarii
1578 330 1692 388 regis
1742 330 1788 367 ι’

339 389 586 446 Berengarii
615 387 776 430 scilicet
803 388 914 439 regis
944 386 1068 428 huius
1098 392 1245 439 matre,
1287 392 1467 441 mortua,
1495 385 1696 444 hy'menei
1743 405 1775 423 v·
1800 442 1804 444 ν

340 446 468 489 sortio
499 443 729 501 copularat.
789 442 910 495 (Quae
931 442 968 483 ei
990 441 1124 483 filium
1144 449 1352 498 genuerat
1370 442 1541 485 nomine
1560 440 1742 485 Ansam-i
1786 462 1805 478 κ»

342 502 415 559 qui
446 508 629 557 quantae
668 498 834 540 virtutis
871 505 1140 554 quantaeque
1179 497 1376 541 audatiae
1418 498 1558 554 fuerit,
1587 496 1698 542 liber
1731 511 1786 541 su

342 571 522 614 sequens
551 554 823 598 declax-abitu
854 609 862 618 .
1809 571 1810 574 ¹

452 612 520 653 57.
564 610 644 652 His
686 609 949 666 temporibus
992 609 1127 651 isdem
1171 608 1449 664 Adelbertus,
1497 623 1629 667 gener
1674 608 1785 666 regi
1806 592 1807 595 Ἴ

342 667 579 724 Eporegiae
616 665 799 708 civitatis
828 664 1037 719 marchio,
1073 671 1201 722 atque
1232 664 1457 708 Odelricus
1492 664 1640 723 palatii
1675 672 1836 709 comi*

343 724 417 782 qui
452 737 507 766 ex
545 721 783 764 Suevorum
822 721 1027 777 sanguine
1067 720 1249 763 duxerat
1286 721 1494 777 originem
1508 728 1545 776 ²,
1587 734 1754 764 necnon
1803 743 1809 768 ·.

343 778 605 822 Gislebertus
642 776 837 833 predives
874 783 1042 819 comes³
1077 784 1118 820 et
1155 783 1372 831 strenuus,
1411 776 1667 835 Lampertus
1713 796 1723 814 ι
1741 776 1810 832 εἰς

342 833 667 877 Mediolanensis
697 832 1043 889 archiepiscopus
1053 840 1082 886 ⁴,
1111 831 1388 890 nonnullique
1414 832 1487 876 alii
1515 832 1732 891 principes
1748 832 1812 887 I*-

343 890 436 943 liae,
466 889 723 954 Berengario
754 886 931 930 rebelles
961 888 1200 931 extiterant.
1259 887 1403 931 Causa
1420 894 1564 932 autem
1590 886 1818 949 mbelle

343 946 493 988 horum
510 944 586 986 hec
600 945 690 986 tuit.
729 944 846 986 Dum
869 943 1123 1000 Lampertus
1147 944 1348 988 defuncto
1373 944 1597 988 decessore
1618 950 1725 988 suo⁸
1758 962 1777 983 ιι

344 1001 599 1046 diolanensis
615 999 960 1056 archiepiscopus
976 999 1161 1042 ordinari
1178 1000 1407 1055 debuisset,
1423 1014 1511 1044 non
1523 1014 1701 1058 parvam
1715 999 1772 1045 ab
1807 1040 1809 1042 .

343 1072 421 1099 rex
440 1056 723 1121 Berengarius
754 1062 901 1097 contra
921 1063 1164 1098 sanctorum
1195 1057 1389 1099 instituta
1406 1062 1577 1114 patrum
1605 1071 1653 1115 p
1698 1076 1704 1093 v
1729 1057 1777 1094 ιί

344 1112 554 1168 exigebat,
583 1112 706 1154 lussit
739 1126 790 1154 ue
810 1111 939 1154 scribi
969 1113 1013 1153 in
1032 1111 1188 1154 tabulis
1209 1119 1307 1178 post
1325 1112 1468 1156 datam
1488 1112 1570 1157 sibi
1607 1133 1614 1150 ι
1634 1132 1648 1150 ·-v
1686 1132 1693 1149 ι
1717 1112 1748 1150 ι’

343 1175 550 1225 quantum
579 1168 732 1210 cubieu
750 1168 847 1221 arii,
879 1174 1085 1224 quantum
1114 1167 1326 1223 hostia-ni,
1363 1175 1572 1226 quantum
1578 1182 1755 1267 fflo

1700 1245 1709 1263 Ι
1727 1244 1747 1263 'r
1796 1250 1800 1260 v

344 1225 426 1281 ipsi
455 1225 580 1266 etiam
609 1222 787 1265 altilium
818 1223 1033 1277 custodes,
1073 1225 1269 1281 accipere
1305 1224 1521 1270 deberent.

343 1281 474 1335 igitur
501 1277 856 1335 archipresulatus
885 1293 1030 1322 amore
1059 1280 1333 1324 vehementer
1351 1281 1575 1335 animatus,
1605 1294 1761 1339 quaec
1786 1301 1792 1318 ι

346 1350 428 1392 que
466 1349 545 1377 rex
582 1342 854 1391 poposcerat,
925 1343 1054 1378 uanto
1092 1350 1190 1378 cum
1231 1336 1376 1380 dolore
1404 1337 1631 1391 tribueret,
1669 1351 1725 1380 ex
1751 1335 1806 1394 h‘r

345 1389 576 1446 intelligere
638 1391 776 1444 oteris,
809 1406 893 1448 quo
952 1390 1218 1449 subsequens
1247 1392 1373 1436 lectio
1402 1391 1648 1436 declarabit.

457 1447 552 1488 *ba
640 1445 844 1488 ‹leh-icum
864 1446 1008 1502 palatii
1030 1449 1240 1502 comitem,
1271 1463 1399 1506 quem
1419 1447 1699 1506 prediximus,
1749 1448 1760 1459 ‘
1776 1470 1796 1488 ·-.

346 1509 436 1545 tum
465 1502 750 1558 Berengarius
787 1509 888 1545 tunc
926 1503 1108 1546 tenebat.
1168 1503 1366 1562 Cumque
1391 1504 1671 1571 Lampertum
1695 1518 1804 1561 arcs

377 1557 558 1600 resulem
588 1559 872 1612 constitueret,
904 1558 1152 1601 Odelricum
1183 1561 1234 1615 ei,
1271 1561 1407 1604 donec
1436 1561 1542 1618 quid
1570 1559 1625 1604 de
1653 1575 1704 1604 eo
1733 1559 1783 1604 d

345 1574 512 1657 beraret
549 1620 711 1670 ageret,
752 1614 1077 1657 commendavit.
1149 1616 1194 1658 Is
1235 1625 1380 1660 autem
1415 1617 1626 1674 pecuniae
1662 1615 1783 1659 mul

347 1684 474 1726 quam
532 1684 580 1711 ro
601 1670 849 1735 episcopatu
869 1677 1077 1726 erogarat,
1107 1686 1193 1714 non
1219 1673 1440 1727 inmemor,
1468 1672 1551 1716 hoc
1580 1687 1680 1716 cum
1709 1685 1789 1731 cap

346 1726 459 1782 cepit
516 1740 539 1767 e
569 1726 659 1766 eius
689 1725 936 1768 infidelitate
965 1727 1189 1770 discutere.
1794 1733 1802 1766 J

456 1780 523 1824 59.
567 1781 723 1823 Paucis
743 1781 927 1838 denique
956 1782 1216 1839 interpositis
1237 1783 1410 1840 solibus,
1437 1784 1798 1846 rex-Berengpri

345 1836 503 1879 nuntiis
533 1835 716 1891 directis,
747 1836 995 1880 Odelricum
1016 1839 1071 1881 ad
1101 1854 1146 1882 se
1174 1840 1320 1883 venire
1350 1841 1554 1899 precepit.
1612 1839 1733 1895 Quos
1772 1849 1804 1898 ιι]

344 1892 491 1934 ronica
518 1891 598 1934 hac
627 1894 899 1949 responsione
930 1895 1176 1938 convenisse
1205 1911 1292 1938 non
1320 1896 1501 1940 dubium
1529 1902 1613 1940 est:
1668 1899 1730 1932 μ’·
1752 1909 1795 1933 ω’

346 1947 455 1990 dotis
486 1947 624 1990 officio
653 1949 823 2004 penitus
853 1965 996 1993 carere
1026 1950 1174 2004 debeo,
1215 1953 1250 1994 si
1279 1952 1562 2010 iugulandum
1591 1966 1719 2010 quem
1749 1966 1791 1994 ιν

345 2003 390 2044 in
409 2018 558 2046 manus
579 2002 758 2047 alieuius
778 2005 1015 2051 tradidero'.
1073 2006 1374 2052 Intellexerant
1401 2010 1547 2067 itaque
1563 2008 1704 2051 nuntii
1762 2028 1769 2044 ·

377 2058 514 2115 uplice
550 2058 789 2114 rebellasse,
829 2077 956 2118 quem
990 2077 1017 2104 a
1045 2077 1146 2119 rege
1182 2063 1264 2107 sibi
1303 2064 1507 2108 traditum
1540 2064 1620 2108 abs
1651 2078 1724 2108 ue‘
1744 2063 1785 2107 ei
1827 2066 1830 2127 J

363 2115 515 2157 icentia
544 2123 749 2158 noverant
769 2117 979 2160 dimisisse
988 2125 1018 2159 ³.
1068 2120 1156 2172 Qui
1176 2122 1359 2176 regressi
1387 2121 1582 2178 protinus
1707 2139 1712 2145 ·
1732 2140 1738 2157 ε
1762 2138 1781 2156 2*

347 2170 649 2213 Terentianum
685 2171 790 2214 illud
803 2181 818 2203 ⁶
856 2188 933 2230 pro
971 2175 1246 2231 responsione
1285 2176 1511 2220 dederuntz
1565 2175 1696 2219 ‘Huic
1723 2190 1775 2219 co
1827 2171 1830 2189 '

348 2226 534 2279 mendes,
565 2227 601 2268 si
630 2228 733 2283 quid
761 2234 874 2271 reete
904 2235 1098 2272 curatum
1126 2230 1255 2273 velis'.

459 2282 526 2324 60.
571 2281 668 2334 Quo
707 2290 896 2340 tempore
925 2285 1133 2328 Rodulfus
1171 2301 1250 2328 rex
1286 2287 1604 2345 superbissimis
1640 2287 1698 2331 Β
1739 2307 1798 2345 2'<

349 2335 546 2379 dionibus
582 2338 831 2394 imperabat.
890 2340 973 2383 Oui
1011 2342 1055 2383 in
1095 2351 1374 2399 augmentum
1442 2344 1642 2388 otentiae'
1658 2343 1740 2387 hoc

350 2393 498 2446 cessit,
547 2398 595 2435 ut
635 2396 916 2450 potentissimi
960 2396 1198 2440 Suevorum
1241 2399 1363 2442 ducis
1444 2398 1647 2443 ruchardi
1703 2395 1791 2450 “’-,

349 2448 519 2490 nomine
550 2449 740 2503 Bertam,
778 2450 860 2494 sibi
889 2453 1089 2508 coniugio
1120 2453 1339 2511 copularet
1350 2464 1379 2498 ⁷.
1435 2456 1575 2520 Igitur
1600 2453 1743 2500 Itnhw·
1761 2475 1777 2492 υ

348 2541 379 2575 ι)
401 2543 525 2569 dimisse
550 2545 575 2571 1.

354 2617 390 2660 1)
418 2617 472 2652 cf.
499 2618 550 2651 1v
577 2627 607 2652 c.
635 2620 668 2660 7,
704 2621 736 2653 V
763 2631 793 2655 e.
821 2622 855 2655 4.
968 2623 1005 2666 2)
1039 2624 1092 2658 Cf.
1129 2627 1238 2660 Gesta
1269 2628 1480 2672 Berengarii
1510 2628 1597 2672 imp.
1631 2627 1671 2661 ΙΙ
1703 2638 1738 2662 v·
1765 2625 1787 2663 1

352 2670 387 2699 et
424 2677 516 2710 quae
548 2668 586 2700 in
619 2669 776 2702 editione
818 2681 898 2703 mea
937 2674 1105 2714 praemisi
1137 2686 1171 2718 p.
1206 2676 1251 2709 27
1286 2687 1320 2709 n.
1354 2677 1389 2710 4.
1500 2675 1541 2720 3)
1574 2677 1765 2720 Bergom

351 2713 391 2758 4)
416 2715 676 2750 Mediolanensi
702 2718 879 2752 ecclesiae
904 2721 1057 2763 praefuit
1081 2724 1174 2756 intra
1199 2734 1309 2758 annos
1336 2725 1542 2759 921—931.
1626 2723 1667 2769 5)
1682 2723 1731 2759 w
1751 2763 1753 2765 ι
1792 2714 1799 2731 ,e
1825 2711 1827 2722 2

351 2763 464 2805 berto,
490 2768 626 2798 mortuo
652 2776 685 2799 a.
707 2767 788 2809 921,
814 2768 896 2802 VII.
923 2769 1004 2803 Kal.
1032 2770 1131 2815 Sept.
1216 2772 1254 2816 6)
1272 2773 1428 2818 Adelphi
1446 2774 1516 2816 111,
1534 2774 1568 2815 3,
1588 2773 1647 2808 1⁹.
1723 2770 1763 2817 7)

352 2811 410 2892 ἑῙΙ
437 2812 551 2894 3153,
570 2812 631 2895 tIV
657 2824 689 2848 c.
718 2814 773 2849 12.
823 2817 866 2849 A.
894 2817 963 2849 922
997 2819 1171 2854 Rodulfus
1206 2822 1375 2856 Bel-tham
1411 2823 1599 2866 coniugem
1627 2821 1728 2857 duxit

378 2870 439 2893 oar
465 2871 486 2894 ο
531 2871 569 2895 es
587 2871 618 2895 e.
