1838 3210
41 326 55 399 f
87 360 157 403 48.

31 459 45 516 J.
82 472 153 516 49.

30 611 35 629 ,«
82 584 152 627 50.

83 639 152 682 51.

81 695 151 739 52.

13 2828 16 2830 v
27 2765 58 2833 ῑ
76 2765 145 2808 69.

327 247 623 282 LIUDPBANDI
648 245 992 281 ANTAPODOSIS.
1042 246 1134 281 LIB.
1162 247 1210 280 11.
1475 247 1521 281 2⁷

200 357 394 413 Qualiter
428 373 507 416 per
534 358 802 402 Theodoram
841 358 1107 401 meretricem
1142 372 1256 416 papa
1284 358 1338 400 sit
1368 361 1521 403 consti-

198 421 315 458 tutus
326 420 357 456 ⁸.

194 471 265 514 De
294 469 478 528 quodam
498 469 714 524 Africano,
745 469 820 527 qui
839 469 895 512 ad
914 483 1072 527 papam
1090 469 1220 524 venit,
1250 470 1387 528 eique,
1418 485 1520 528 quo-

195 525 324 570 modo
353 541 452 569 cum
480 526 693 569 Africanis
721 540 913 583 pugnare
949 532 1106 582 posset,
1137 525 1359 569 consilium
1389 526 1518 570 dedit.

195 582 324 638 Quod
352 582 466 626 idem
480 581 711 625 Africanus
740 581 908 624 insidiis
936 582 1086 639 positis
1115 589 1277 626 ceteros
1306 582 1521 626 occiderit.

194 639 264 682 De
293 637 470 681 consilio
500 636 710 692 Landulfi‚
740 638 1140 681 Beneventanorum
1200 638 1388 695 rincipis.

194 695 263 738 De
298 709 349 737 eo
387 693 502 752 quod
540 708 655 752 papa
695 692 1106 751 Constantinopolim
1181 695 1322 738 irectis
1360 695 1519 738 nuntiis

192 750 449 794 adiutorium
486 749 541 793 ab
578 751 832 807 imperatore
869 750 1103 808 acceperit,
1142 757 1183 793 et
1222 765 1323 793 cum
1365 751 1519 794 Poenis

225 807 461 863 ugnaverit.

193 822 322 917 &uod
351 861 479 907 Greci
516 877 620 905 mox
647 868 696 904 ut
721 862 910 917 veniunt,
948 869 1136 905 castrum
1172 861 1293 905 iuxta
1331 870 1519 906 montem

193 918 467 962 constituunt.

196 974 327 1030 Quod
361 988 511 1017 omnes
549 974 684 1017 Poeni
721 974 805 1017 sint
842 973 1053 1017 interfecti
1091 980 1133 1017 et
1168 988 1221 1017 oa
1252 973 1298 1027 ti,
1337 980 1379 1018 et
1418 975 1521 1032 quia

193 1030 275 1074 visi
304 1037 402 1073 sunt
430 1031 475 1072 in
503 1028 615 1073 bello
644 1030 796 1073 Petrus
826 1036 868 1073 et
895 1029 1055 1073 Paulus
1084 1037 1235 1096 aposto
1255 1030 1264 1039 '
1294 1029 1482 1087 gloriosi.

190 1085 447 1130 Adelbertus
466 1086 653 1129 Tuscieb
684 1086 932 1144 provinciae
960 1085 1151 1129 marchlo
1177 1086 1368 1142 moritur,
1399 1087 1521 1130 cuius

190 1141 303 1186 filius
321 1141 453 1185 Wido
483 1157 562 1200 pro
591 1157 642 1185 eo
671 1143 860 1200 ponitur3
890 1148 1027 1186 mater
1054 1157 1158 1186 vero
1189 1143 1279 1186 eius
1307 1157 1334 1184 a
1362 1142 1519 1186 Beren-

288 1212 313 1241 ο
343 1212 394 1241 ca
428 1200 523 1242 itur.

192 1214 347 1321 &df
375 1214 580 1312 stpispicati
610 1261 709 1297 sunt
736 1254 928 1298 homines
948 1254 1124 1298 Bertam
1144 1253 1379 1298 Adelberto
1408 1254 1517 1299 filios

221 1326 245 1355 e
278 1324 420 1354 ensse.

188 1326 275 1411 Bt?
297 1381 348 1410 eo
392 1365 507 1424 quod
551 1366 674 1411 multi
714 1367 932 1433 principes
977 1366 1103 1410 simul
1146 1382 1245 1410 cum
1287 1367 1518 1426 Lamperto

189 1421 507 1466 Mediolanense
535 1423 857 1481 archiepiscopo
887 1423 1147 1481 Berengario
1181 1422 1446 1479 rebellarent,
1477 1431 1519 1468 et

193 1494 272 1522 cur
298 1478 380 1522 hoc
408 1478 608 1523 facerent.

182 1534 259 1596 pe
289 1536 443 1579 comite
471 1534 617 1593 palatii
637 1542 777 1594 capto,
806 1541 933 1593 atque
952 1535 1182 1593 Lamperto
1202 1550 1288 1579 non
1308 1543 1517 1594 oportune

191 1590 503 1635 commendato.

190 1646 318 1702 Quod
360 1646 542 1690 eundem
586 1647 870 1705 Berengagrius
913 1648 1176 1705 requisierit,
1220 1654 1263 1691 et
1300 1662 1376 1691 cur
1416 1662 1515 1691 eum

187 1702 344 1747 habere
372 1717 459 1746 non
487 1704 635 1762 possit.

187 1758 257 1803 De
299 1758 483 1803 Rodulfo
526 1774 627 1817 rege
669 1759 1023 1817 Burgundionum
1036 1792 1047 1814 ‚
1125 1760 1170 1802 ui
1218 1759 1348 1802 filiam
1392 1759 1514 1803 ducis

188 1814 456 1859 Bruchardi‘¹
485 1822 712 1874 acceperat
739 1830 933 1870 uxorem,
961 1822 1003 1859 et
1031 1814 1087 1858 ab
1131 1815 1268 1859 talicis
1297 1816 1513 1871 invitatur,

187 1878 237 1914 ut
263 1870 319 1914 ad
348 1886 421 1915 eos
450 1872 594 1916 veniat
626 1878 670 1915 et
696 1886 774 1915 rex
803 1886 948 1915 eorum
977 1871 1064 1915 fiat.

133 1959 145 1971 .
189 1926 384 1982 Qualiter
411 1927 639 2027 Hunfiarii,
667 1928 916 1986 Berengarii
944 1928 1058 1994 regis
1086 1928 1227 1983 amici,
1265 1927 1513 1972 Odelricum

190 1983 443 2038 occiderent,
472 1983 514 2026 A
545 1983 753 2027 elbertum
781 1998 884 2027 vero
923 1999 1036 2042 regis
1071 1997 1277 2042 generum
1306 1992 1350 2027 et
1378 1983 1515 2028 Gisle-

188 2039 357 2084 bertum
386 2040 585 2084 comitem
612 2041 735 2083 vivos
764 2046 975 2099 caperent.

134 2126 145 2138 .
188 2095 286 2150 Qua
314 2094 543 2140 calliditate
570 2094 829 2141 Adelbertus
858 2095 1047 2139 marchio
1077 2096 1323 2153 Hungarios
1351 2095 1514 2140 deluse-

187 2152 255 2206 rit,
284 2158 341 2218 et·
353 2150 428 2194 vili
456 2152 592 2209 pretio
621 2152 676 2196 ab
705 2153 766 2195 eis
795 2152 1041 2211 redemptus
1070 2152 1296 2208 aufugerit.

186 2206 256 2251 De
286 2205 527 2252 Glsleberto
564 2215 690 2266 capto
728 2207 940 2265 flagellato
977 2215 1019 2251 et
1054 2214 1152 2252 ante
1188 2222 1333 2265 regem
1371 2208 1512 2263 ducto,

187 2271 315 2321 atque
344 2262 399 2306 ab
430 2278 480 2307 eo
509 2263 839 2308 misericorditer
867 2264 1042 2307 dimisso
1073 2272 1116 2308 et
1143 2263 1361 2307 honorato.

186 2318 256 2363 De
275 2319 425 2364 eodem
442 2320 516 2378 qui
537 2319 591 2363 ob
607 2319 836 2364 Rodulfum
857 2335 1001 2377 regem
1021 2319 1126 2363 abiit
1146 2327 1188 2363 et
1203 2335 1302 2363 eum
1317 2319 1512 2365 adduxit.

187 2374 257 2419 De
295 2389 442 2433 pugna
476 2374 592 2419 civili
632 2377 741 2420 inter
774 2376 1080 2434 Berengarium
1110 2383 1153 2420 et
1181 2375 1410 2419 Rodulfum
1440 2393 1513 2421 ex-

186 2430 321 2542 1331.
350 2486 558 2554 Rodulfus
595 2489 818 2532 victoriam
859 2503 936 2547 per
973 2488 1243 2532 Bonefatium
1280 2496 1510 2546 cognatum

188 2542 635 2665 liloldtiilffincndiiiensu
663 2599 926 2645 Italiensium
957 2602 1001 2643 in
1030 2600 1326 2667 Burgundiam
1353 2601 1476 2646 redit.

189 2654 278 2721 De·
307 2653 625 2699 Veronensibus
674 2658 747 2715 qui
796 2657 1103 2715 Berengarium
1152 2655 1361 2701 consiliati
1412 2666 1511 2701 sunt

187 2710 395 2811 (ξι-(ἓξὲξ
409 2767 522 2823 regis
551 2767 797 2826 Berengarii
828 2767 1062 2811 allocucio⁶
1092 2768 1148 2811 ad
1178 2768 1482 2813 Flambertum.

73 2874 222 2941 min:
245 2876 270 2903 1.
347 2875 378 2909 b)
399 2883 475 2904 corr.
495 2877 608 2905 tunel·
632 2878 659 2904 1.
731 2878 758 2910 c)
782 2877 862 2910 Quot
882 2885 957 2905 corr.
980 2876 1068 2910 Quod
1090 2878 1116 2906 Ι.
1193 2877 1224 2911 ά)
1246 2878 1266 2905 ι’.
1288 2886 1311 2905 e.
1334 2877 1511 2906 nui-ohardi.

13 2918 37 2940 ·.
169 2920 187 2940 ο
229 2932 236 2940 .
