1838 3210
202 350 268 377 86⁸.

139 794 196 821 lul.
219 795 266 822 27.

83 1859 136 1886 Pu.
160 1860 212 1894 22,
235 1860 263 1887 5.

112 2190 192 2224 Aug.
217 2193 263 2219 15.

285 228 353 261 156
646 223 947 259 LlUDPRANDI
974 222 1199 257 LEGATIO.
1249 219 1408 254 45-47.

282 339 497 390 successit,
534 336 739 394 compulit
773 335 979 378 ducentos
1014 334 1301 390 Ungariorum
1338 331 1453 375 haud
1490 330 1617 390 longe
1652 330 1770 376 Con-

281 392 552 450 stantinopoli
591 393 633 434 in
672 391 923 434 Macedonia
960 389 1151 432 similiter
1186 389 1343 443 facere3
1382 403 1438 431 ex
1467 387 1636 446 quibua,
1664 400 1789 431 cun

281 452 448 494 incaute
478 463 554 506 per
583 456 805 504 angustam
835 447 1021 489 redirent
1047 446 1174 499 viam,
1204 445 1484 503 quadraginta
1511 450 1614 487 sunt
1628 442 1768 502 ωρίὶς
1795 454 1797 457 ·

281 522 387 565 quos
415 520 529 547 nunc
558 504 822 561 Nicephorus
849 502 902 544 (le
932 501 1125 544 custodia
1150 501 1339 556 eductos,
1367 499 1767 558 pretiosissimisque
1792 515 1797 539 ξ

280 562 469 606 vestibus
499 568 680 614 ornatos,
717 567 917 617 patronos
947 558 1029 601 sibi
1058 565 1101 600 et
1129 557 1368 600 defensores
1404 555 1584 615 paravit,
1619 569 1767 599 nomm
1795 588 1797 590 .

279 619 325 661 in
353 617 552 674 Assyrios
582 615 754 658 ducens.
813 615 973 657 Verum
1013 613 1150 671 qualis
1186 614 1242 656 sit
1275 613 1367 656 cius
1403 612 1631 667 exercitus,
1666 610 1767 655 hinc
1796 638 1799 643 =

279 674 693 771 potestiglcflnicere,
724 671 924 729 quoniam
946 670 1020 727 qui
1040 670 1215 713 caeteris
1234 675 1435 726 prestant,
1454 666 1650 712 Venetici
1667 673 1773 711 sunt
1797 722 1800 727 .

281 737 323 774 et
350 730 434 772 Am
539 729 641 771 itani
653 734 683 769 ⁸.

391 787 458 828 46.
479 744 641 826 pNunc
671 783 740 825 hic
770 783 948 835 omissis,
984 781 1087 839 quid
1126 781 1229 823 mihi
1268 780 1473 823 acciderit
1504 779 1768 823 animadver-

280 842 368 884 tite.
441 842 572 883 Sexto
617 838 827 882 Calendas
870 838 1055 894 Augusti
1105 846 1227 880 extra
1270 836 1548 880 Constantino
1606 834 1681 878 lim
1722 835 1799 878 in

279 897 461 940 Umbria
489 912 514 938 a
542 895 783 952 Nicephoro
803 894 1017 937 licentiam
1036 894 1183 951 accepi
1203 893 1259 936 ad
1277 908 1355 936 vos
1375 891 1536 936 redeun
1568 892 1594 934 ⁶.
1637 890 1768 936 Cum-

281 968 362 1010 que
393 951 803 1008 Constantinopolim
843 951 1045 1005 venirem,
1084 949 1416 1006 Christophorus
1511 948 1657 992 tricina
1693 961 1767 991 eu·

279 1009 457 1062 nuchus,
500 1009 573 1065 qui
609 1007 836 1064 Nicephori
873 1007 1013 1049 vicem
1050 1005 1200 1048 eodem
1239 1006 1362 1062 gerit,
1397 1005 1454 1047 m'
1488 1004 1498 1015 ’
1538 1003 1768 1059 mandavit,

279 1080 365 1107 non
394 1079 518 1121 posse
539 1079 606 1106 me
626 1072 727 1106 tunc
747 1062 960 1117 recedere,
990 1063 1091 1119 quia
1111 1062 1312 1105 Saraceni
1331 1069 1432 1104 tunc
1453 1064 1771 1118 occupaverunt

279 1135 395 1163 mare
424 1127 466 1163 et
494 1120 674 1176 Ungarii
703 1128 879 1173 terram3
910 1117 1224 1175 expectandum
1253 1117 1355 1160 mihi
1385 1131 1492 1172 esse,
1521 1116 1657 1160 donec
1683 1114 1771 1174 ipsi

279 1175 555 1219 discederent.
624 1175 710 1218 Sed
753 1183 894 1217 utrum
926 1190 993 1229 ue,
1035 1174 1143 1231 proh
1185 1173 1317 1228 dolor,
1359 1173 1439 1216 fuit
1480 1172 1793 1216 mendacium.

279 1233 402 1275 Tunc
431 1232 614 1289 appositi
645 1239 741 1273 sunt
776 1190 986 1285 custodes,
1024 1231 1096 1297 qui
1125 1230 1229 1272 mihi
1258 1237 1301 1273 et
1328 1230 1434 1273 meis
1461 1243 1489 1271 a
1514 1229 1644 1272 domo
1670 1242 1770 1273 men»

280 1290 439 1331 exitum
468 1288 751 1345 prohiberent.
808 1287 985 1330 Latinae
1014 1286 1183 1343 hnguae
1246 1302 1300 1329 au
1334 1301 1439 1341 eree,
1478 1285 1553 1344 qui
1586 1299 1657 1329 me
1684 1283 1777 1328 elei

279 1345 540 1387 mosinarum
586 1344 724 1400 gratia
772 1344 992 1397 adierunt,
1048 1357 1220 1399 compre
1251 1357 1304 1386 en
1335 1349 1454 1385 entes
1506 1340 1767 1399 cociacum,
1829 1362 1833 1404 Ξ

279 1400 495 1443 custodiae
538 1399 822 1453 tradiderunt3
868 1398 1163 1442 Graecolonon
1201 1414 1358 1453 meum,
1400 1397 1446 1440 id
1481 1404 1548 1441 est
1573 1395 1788 1441 Graecae
1828 1410 1833 1431 ³

277 1456 447 1513 linguae
476 1470 670 1513 gnarum,
699 1470 784 1498 non
843 1455 1113 1498 ermittebant
1140 1455 1297 1521 egredi,
1329 1453 1477 1497 saltem
1503 1461 1553 1498 ut
1570 1459 1768 1511 sumptus
1786 1471 1794 1477 ¹
1829 1472 1833 1512 ς

278 1519 449 1566 emeret,
480 1511 555 1554 sed
584 1526 734 1554 cocum
765 1526 811 1554 so
828 1526 901 1553 um
932 1511 1123 1554 Graecae
1152 1511 1322 1569 hnguae
1341 1512 1560 1568 ignarum3
1589 1509 1770 1568 quinon
1787 1511 1791 1519 ⁴

279 1569 495 1625 signorum
524 1568 668 1624 signis,
699 1567 773 1610 sed
802 1568 1030 1623 digitorum
1060 1583 1136 1611 seu
1165 1569 1317 1625 capitis
1335 1567 1522 1622 nutibus,
1550 1580 1650 1608 cnm
1666 1579 1769 1610 ven·
1792 1613 1799 1621 ..

279 1624 412 1667 ditore
442 1632 607 1680 emptor
635 1623 901 1680 loquebatur,
938 1625 1130 1682 tantique
1162 1625 1347 1666 nummis
1374 1622 1544 1667 emebat
1570 1629 1768 1680 quatuor,
1789 1639 1794 1674 2
1828 1625 1833 1665 ἰ

309 1681 427 1723 uanti
457 1679 746 1722 Graecolonus
785 1678 1010 1723 obsonium
1039 1695 1139 1722 uno.
1195 1680 1255 1723 Et
1282 1695 1381 1722 cum
1413 1679 1647 1722 amicorum
1704 1678 1794 1723 nie
1830 1687 1832 1707 ³

335 1751 379 1778 m
407 1743 608 1789 aromata,
637 1751 783 1793 panes,
812 1737 971 1791 vinum,
1001 1751 1130 1794 poma
1158 1737 1354 1789 mitteret,
1384 1734 1473 1780 solo
1501 1741 1657 1778 cuncta
1671 1692 1791 1779 211¹-
1828 1734 1832 1774 ζ

279 1792 439 1846 dentes,
474 1793 644 1834 nuntios
682 1791 868 1849 colaphis
906 1793 1008 1835 satis
1046 1799 1240 1836 oneratos
1279 1792 1542 1834 dimiserunt.
1597 1790 1659 1834 Et
1681 1790 1788 1834 nisi
1828 1801 1832 1838 ξ

279 1847 423 1890 divina
451 1849 586 1905 pietas
624 1855 814 1905 parasset
848 1849 893 1890 in
932 1857 1163 1914 conspectu
1197 1863 1293 1891 meo
1330 1861 1523 1891 mensam
1558 1847 1766 1891 adversus
1827 1849 1831 1864 ³

280 1919 352 1946 eos
382 1905 455 1961 qui
483 1903 687 1946 tribulant
716 1919 797 1958 me,
836 1919 922 1947 una
955 1905 1060 1947 mih1
1096 1912 1246 1962 parata
1281 1919 1394 1947 mors
1429 1903 1539 1947 foret
1572 1909 1796 1961 accepta-s
1828 1916 1831 1918 ’

281 1960 367 2003 Sed
406 1961 480 2017 qui
516 1961 709 2016 permisit
754 1962 967 2017 temptari,
1007 1961 1125 2004 dedit
1165 1967 1266 2003 tunc
1304 1958 1634 2004 misericorditer
1659 1959 1793 2018 pafi.

278 2016 586 2059 Huiuscemodi
615 2031 684 2059 me
724 2016 959 2073 periculum
998 2018 1186 2060 secundo
1220 2017 1440 2060 Nonarum
1476 2016 1591 2059 Iunii
1626 2019 1791 2073 usqqu
1828 2009 1831 2065 3

278 2071 334 2114 ad
372 2080 541 2115 sextum
569 2072 714 2114 Nonas
750 2072 949 2116 Octobris
990 2071 1375 2130 Constantinopoli,
1413 2072 1565 2116 diebus
1601 2069 1796 2117 scilicet
1829 2071 1831 2096 ⁵

278 2135 449 2171 centum
477 2129 643 2184 viginti,
670 2130 912 2174 maceravit.
1560 2156 1563 2159 -
1780 2131 1793 2157 -⁵
1829 2172 1831 2190 Ι

389 2186 456 2226 47.
514 2185 675 2227 Verum
703 2193 752 2227 ut
779 2192 1035 2241 augerentur
1063 2185 1325 2228 calamitates
1344 2199 1478 2238 meae,
1506 2184 1553 2227 in
1569 2190 1772 2242 absump-
1828 2194 1831 2244 ξ

278 2239 392 2282 tione
422 2247 591 2282 sanctae
621 2240 690 2283 dei
728 2242 946 2297 genitricis
982 2249 1025 2284 et
1062 2242 1241 2299 virginis
1278 2241 1454 2294 Mariae,
1491 2254 1587 2283 meo
1621 2241 1765 2284 omine
1828 2244 1831 2290 ἰ

277 2309 363 2337 non
401 2296 513 2338 bono
549 2304 755 2339 venerunt
793 2297 969 2340 domni*
1008 2297 1230 2354 apostolici
1265 2304 1307 2340 et
1340 2295 1590 2340 universalis
1625 2302 1781 2354 papae
1828 2300 1831 2344 ἕ

275 2350 474 2393 Iohannis
487 2360 500 2383 ¹
530 2353 668 2394 nuntii
698 2367 795 2395 cum
835 2353 1005 2407 litteris,
1043 2354 1198 2411 quibus
1233 2351 1445 2410 rogabant
1469 2351 1792 2410 Nicephorum
1828 2357 1831 2373 ³

274 2406 574 2464 imperatorem
591 2407 868 2462 Graecorum,
897 2419 945 2452 ut
971 2409 1230 2466 parentelam
1258 2409 1512 2466 firmamque
1529 2409 1775 2454 amicitiam
1828 2410 1831 2455 ἶ

274 2462 432 2506 faceret
461 2478 557 2505 cum
586 2463 739 2507 dilecto
769 2465 1061 2522 spiritualique
1090 2465 1176 2508 filio
1197 2480 1274 2508 suo
1295 2464 1451 2508 Ottone
1469 2465 1761 2516 Romanorum
1779 2468 1786 2477 ⁸
1827 2462 1831 2496 f

274 2519 527 2575 imperatore
561 2528 755 2575 augusto.
814 2521 933 2575 Quae
969 2536 1068 2575 vox,
1110 2536 1219 2579 quae
1257 2521 1491 2578 inscriptio,
1524 2519 1785 2575 secundans:
1828 2539 1831 2547 “

276 2572 464 2617 Graecos
492 2577 713 2631 peccatrix
742 2583 785 2619 et
814 2578 1048 2631 temeraria,
1078 2577 1291 2635 quomodo
1329 2576 1505 2620 latorem
1531 2591 1620 2620 non
1646 2574 1783 2620 occi-⁵³·
1827 2583 1831 2589 ’

275 2629 396 2685 derit,
427 2645 516 2685 cur,
545 2632 794 2689 priusquam
822 2631 1033 2689 legeretur
1041 2642 1071 2687 ⁰,
1100 2648 1187 2675 non
1206 2633 1476 2700 oppresserit,
1506 2633 1582 2690 qni
1599 2633 1646 2675 in
1662 2631 1777 2676 aliis
1828 2642 1831 2690 ξ

273 2684 400 2729 rebus
430 2701 557 2744 saepe
584 2687 733 2730 videor
760 2688 1050 2745 spermologus
1070 2695 1112 2732 et
1130 2689 1395 2743 multisonus,
1422 2690 1468 2731 in
1486 2688 1581 2744 hac,
1608 2695 1657 2732 ut
1673 2688 1780 2748 pis-4
1827 2704 1830 2749 3

274 2781 305 2816 ο.)
326 2783 542 2816 ιιιιιίρὶιίιὶιυὶ
565 2783 592 2810 C.
672 2783 705 2817 b)
727 2784 844 2811 domini
866 2786 895 2812 C.
976 2785 1004 2820 c)
1026 2786 1200 2813 laederetur
1220 2787 1248 2814 0.
1269 2787 1424 2819 legeretur
1444 2785 1567 2812 Gieecbr.

276 2868 314 2914 ι)
338 2870 442 2914 xm,
469 2871 502 2905 1.
528 2872 607 2906 Oct.
635 2872 706 2906 965
733 2890 777 2898 -
806 2873 839 2907 6.
867 2873 964 2917 Sept.
991 2874 1074 2907 972.
