1838 3210
321 210 623 246 LIUDPRANDI
649 208 997 245 ANTAPODOSIS.
1047 209 1142 243 LIB.
1170 210 1239 243 111.
1488 209 1534 244 53

43 318 45 322 ⁴
61 331 155 367 arte
183 322 264 366 hoc
294 323 463 366 divinae
492 321 780 379 providentiae
810 320 1034 364 consilium
1072 321 1164 375 fuit,
1202 327 1250 364 ut
1284 321 1405 363 aliter
1442 322 1534 365 fieri
1548 333 1619 359 ⁹24·

39 379 134 424 ‘on
160 386 318 437 posset.
387 379 431 421 Is
475 392 576 420 sane
618 384 744 420 nocte
773 376 936 431 eadem,
981 392 1068 435 qua
1108 392 1186 420 rex
1225 376 1431 434 deceptus
1470 385 1536 421 est

35 438 75 491 ς’,ἑς
98 455 103 460 ·
143 435 345 492 ngarius,
360 434 560 477 adhibitis
576 431 658 475 sibi
674 433 821 490 copiis,
835 441 1066 476 nocturnas
1080 434 1120 477 ei
1134 433 1175 476 vi
1211 433 1220 443 '
1240 434 1378 476 iarum
1395 440 1534 476 custo·

39 498 64 546 {j
79 491 133 529 ⁶2:
179 490 315 534 voluit
356 490 571 534 exhibere.
637 489 733 531 Rex
770 503 873 532 vero
912 489 1183 546 promissioni
1215 505 1265 532 us
1300 488 1534 533 Flamberti

40 546 63 582 '··
86 568 96 585 ·.
135 553 263 604 ‚ptus,
292 545 496 590 Milonem
525 560 571 588 se
598 560 685 587 non
714 544 852 587 solum
881 545 1094 588 custodire
1122 560 1207 588 non
1236 546 1348 599 sivit,
1383 561 1535 589 verum

40 612 65 640 ²-
91 603 102 614 '
142 623 149 641 ι
203 610 332 661 atque
361 603 488 645 etiam
517 601 791 644 vehementer
818 599 1049 667 prohibuit.
1106 600 1209 644 Milo
1238 608 1394 656 autem,
1424 603 1535 645 sicut

42 658 88 711 3’
139 658 276 702 fidelis
303 665 346 703 et
373 665 529 712 rectus,
558 671 609 699 ac
635 656 834 700 beneficii
862 657 945 700 sibi
973 671 999 700 a
1027 672 1130 715 rege
1158 657 1315 700 conlati
1342 672 1427 700 non
1456 658 1532 700 im-

59 736 78 752 ι·
91 729 222 770 emor,
243 729 368 772 quem
390 713 629 767 defendere,
646 713 748 779 quia
766 712 912 767 desunt,
940 728 1027 756 non
1045 714 1197 771 potuit,
1222 713 1362 757 brevi*
1382 715 1560 758 acriter·
1582 731 1604 757 ι.
1626 737 1654 758 e.
1675 731 1744 758 0120.

45 770 264 816 vindicare
307 770 482 813 curavit.
554 770 708 812 Tercla
755 769 859 827 quip
892 784 916 812 e
963 777 1061 826 post
1106 770 1219 826 regis
1263 785 1414 813 necem
1451 769 1533 824 die,

45 821 336 872 Flambertum
377 827 542 884 sibique
590 832 678 868 tam
721 825 766 866 in
807 840 860 867 ne
877 825 966 867 ario
1004 825 1163 870 scelere
1201 827 1460 881 coniventes,
1489 827 1535 869 vi

46 890 208 941 captoss,
247 883 477 940 suspendio
515 882 647 924 vitam
687 880 809 923 finire
847 882 1052 938 precepit.
1119 882 1313 925 Fuerunt
1351 897 1453 926 sane
1490 884 1535 925 in

58 953 126 982 oc
154 939 247 982 viro
275 937 502 982 nonnullae
540 937 838 995 perfectaeque
866 937 1057 992 virtutes,
1099 953 1183 995 que
1216 938 1313 981 Deo
1347 939 1533 996 propitio

44 992 83 1031 ''=·
98 996 132 1039 ‘s
161 995 206 1037 in
233 994 352 1049 locis,
379 995 468 1038 vita
496 994 663 1046 comite,
693 991 858 1036 silentio
887 1007 975 1036 non
1003 1000 1200 1051 tegentur
1214 1003 1240 1036 ¹.

37 1162 40 1167 ⁴
108 1110 390 1155 EXPLICIT
417 1110 593 1154 LIBER
623 1108 938 1153 SECUNDUS
970 1109 1465 1157 ANTAPODOSEOS.

420 1349 642 1393 INCIPIT
669 1348 848 1393 LIBER
876 1349 1145 1393 TERTIUS.

208 1466 278 1510 De
306 1466 430 1510 titulo
459 1466 586 1510 huius
615 1466 768 1523 oper-ie,
799 1481 877 1509 cur
906 1466 1073 1510 dicatur
1101 1466 1404 1524 Antapodosis.

209 1522 338 1578 Quod
367 1522 542 1566 defunto
570 1521 830 1579 Berengario
860 1529 902 1567 et
929 1521 1113 1566 Rodulfo
1152 1523 1208 1566 ab
1237 1522 1360 1566 Italia
1397 1523 1531 1567 disce-

209 1578 348 1634 dente,
377 1578 591 1636 Hungarii
619 1577 788 1621 Italiam
815 1577 1048 1622 laniabant.

207 1635 387 1679 Mettica
415 1634 552 1678 deseri
586 1635 644 1677 tio
683 1634 736 1678 de
764 1635 965 1692 Papiensi
1002 1634 1265 1678 lamentabili
1294 1636 1530 1680 exustione.

207 1690 335 1746 Quod
364 1691 434 1734 dei
461 1706 491 1748 g
580 1706 630 1733 us
668 1705 754 1734 non
792 1690 983 1734 funditus
1011 1691 1075 1734 Pa
1106 1691 1190 1734 iam
1232 1690 1530 1745 destruxerit&

209 1746 284 1791 sed
324 1746 613 1790 misericordia
651 1747 743 1790 eius
780 1746 1030 1791 mirabiliter
1065 1761 1091 1789 a
1156 1747 1391 1805 Hungariis
1429 1748 1531 1792 libe-

22 1839 23 1842 ,
206 1803 321 1847 rarit-

122 1860 163 1903 5.
206 1858 335 1959 huod
363 1858 478 1903 beati
508 1858 605 1914 Siri,
635 1858 824 1902 eiusdem
855 1859 1038 1903 civitatis
1067 1860 1249 1917 patroni,
1285 1860 1339 1903 sit
1367 1861 1529 1904 meritis

46 1924 49 1963 ζ
223 1916 233 1926 ’
267 1922 396 1960 erata.

47 1971 51 1974 ’
121 1973 162 2015 6.
206 1970 335 2026 Quod
364 1970 499 2014 isdem
526 1969 679 2014 beatus
718 1971 839 2015 Sirus
869 1972 1047 2029 Papiam
1077 1972 1263 2026 veniens,
1305 1986 1383 2029 pro
1414 1971 1529 2016 hetie

205 2027 358 2094 spiritu
395 2027 487 2071 eius
525 2026 771 2071 afluentiam
809 2035 852 2071 et
884 2026 1140 2085 Aquilegiae
1180 2042 1328 2071 casum
1398 2043 1528 2071 enun-

204 2084 332 2128 ttarit.

27 2166 31 2167 ν
125 2141 164 2183 7.
209 2138 299 2183 Cur
327 2137 650 2205 Ermengardab
679 2146 778 2198 post
806 2139 1026 2183 Adelberti
1055 2139 1137 2183 viri
1167 2140 1231 2182 sui
1262 2153 1410 2183 necem
1440 2147 1528 2183 tam

28 2230 50 2235 ν.
238 2203 358 2239 otens
386 2196 587 2239 extiterit.

49 2262 51 2265 “
122 2251 162 2295 8.
205 2211 313 2309 Regi
342 2249 526 2294 Rodulfo
555 2265 583 2293 a
616 2251 707 2294 Bur
751 2251 869 2294 mdia
906 2265 1115 2308 regresso,
1154 2251 1314 2295 Ermcn
1347 2253 1451 2296 arda
1488 2253 1529 2296 ei

238 2316 305 2351 ost
347 2306 566 2364 paululum
617 2307 716 2351 rebe
750 2308 784 2350 's
832 2307 975 2350 extitit
1022 2315 1064 2351 et
1111 2322 1208 2350 eum
1256 2308 1277 2351 I
1339 2308 1527 2352 iensibus

240 2364 382 2421 apiam
410 2364 604 2407 tenuerit.

104 2418 163 2462 ·9.
207 2418 415 2463 Rodulfus
444 2434 521 2463 rex
550 2434 649 2462 cum
679 2419 870 2463 exercitu
900 2419 1108 2477 Papiam⁶
1138 2420 1285 2463 tendit.
1540 2438 1673 2475 ηχος,

97 2476 162 2519 10.
206 2475 334 2530 Quod
382 2474 676 2533 Ermengarda
728 2474 954 2519 calliditate
1007 2490 1084 2519 sua
1132 2477 1213 2519 hoc
1255 2476 1426 2532 faceret,
1479 2485 1528 2521 ut

26 2531 56 2566 '³'-
202 2530 440 2630 *Bodussifus‘¹
486 2540 614 2575 noctu
654 2546 752 2575 suos
791 2532 1003 2575 desereret
1041 2540 1171 2590 atque
1210 2531 1265 2575 ad
1305 2548 1349 2576 se
1392 2540 1526 2576 trans-

221 2602 305 2645 uga
363 2595 463 2631 eret.

123 1636 165 1736 2³90
124 1469 165 1567 30:-

91 2714 261 2743 ‹lo-taxent
283 2717 310 2742 1.
391 2714 423 2749 b)
445 2696 592 2748 ormena:
614 2718 640 2744 ι.
665 2717 692 2743 2.
774 2715 802 2749 c)
824 2722 954 2750 papum
979 2717 1004 2744 1.
1086 2715 1118 2748 d)
1140 2715 1261 2743 rodulru
1285 2717 1312 2744 1.

107 2820 161 2857 cf.
192 2821 284 2856 infra
317 2821 374 2856 111
402 2832 432 2856 ο.
458 2822 517 2856 42.
557 2821 615 2856 48.
655 2822 817 2864 50-523
856 2822 887 2856 V
915 2832 945 2856 c.
974 2822 1032 2856 27.
1078 2822 1185 2865 Milo,
1218 2822 1395 2857 Msnfredi
1421 2822 1524 2866 filius,

28 2879 52 2926 ’ξ
93 2871 209 2907 undu:
233 2870 300 2905 fuit
325 2881 369 2905 ex
393 2875 501 2916 gente
526 2871 743 2906 Francorum
771 2870 980 2907 Salieomm.
