1838 3210
332 203 633 238 LIUDPRANDI
657 203 1004 238 ARTAPODOSIS.
1054 204 1149 238 LIB.
1175 204 1245 238 111.
1494 204 1539 238 56

220 316 291 359 De
319 330 370 359 eo
398 315 514 373 quod
542 314 739 358 dominus
767 321 911 357 noster
933 315 1053 358 Iesus
1083 314 1279 358 Christus
1306 329 1385 380 per
1412 316 1538 358 visio-

223 379 349 414 nem·
378 371 432 414 de
461 379 596 414 morte
624 369 875 414 Michabelis
904 370 1112 413 Basilium
1141 378 1349 414 tex-ruent.

223 428 292 471 De
321 427 580 526 ppenitentia
607 425 755 469 Basilii
784 434 827 469 et
854 426 1035 470 aeclesia
1069 427 1176 470 miro
1207 441 1335 484 opere
1364 426 1419 470 ob
1449 441 1537 470 rea-

224 490 316 526 tum
360 490 470 526 acta.

222 538 416 595 Qualiter
442 539 658 582 Romanos
686 538 901 595 principes
939 538 995 582 sit
1021 538 1228 582 allocutus
1265 546 1307 582 et
1335 554 1390 582 ex
1419 544 1537 596 patre

219 594 400 638 vasileos
429 596 660 652 imperator
689 595 744 637 sit
771 594 921 637 factus.

220 651 349 706 Quod
376 651 591 694 Romanos
620 665 676 694 ex
704 649 854 693 humili
882 651 938 693 sit
964 658 1088 694 natus
1117 651 1328 718 prosapia.

219 708 436 751 Romanos
483 706 618 749 filium
665 721 791 749 suum
840 705 1190 764 Christophorum
1238 714 1536 764 imperatorem

220 763 332 815 facit,
377 770 420 807 et
456 764 610 806 iniuste
645 762 923 807 Constantino
966 762 1139 806 domino
1182 777 1258 806 suo
1302 777 1401 807 eum
1443 777 1537 820 pre-

254 821 356 863 onit-

221 834 416 930 {Qualiter
452 875 561 918 inter
601 875 898 933 imperatorem
941 875 1163 918 Romanon
1206 882 1249 918 et
1293 874 1536 918 Simeonem

253 947 311 975 ax
338 932 394 974 sit
422 932 661 974 constituta.

266 1003 290 1031 e
319 986 540 1044 Walperto
569 994 612 1030 et
641 986 813 1030 Gezone
841 985 1136 1044 papiensibus,
1174 987 1247 1045 qui
1286 986 1538 1030 seditionem

222 1052 370 1087 contra
398 1058 542 1100 regem
571 1042 803 1100 Hugonem
830 1042 1033 1086 fecerunt.

221 1099 350 1154 Quod
377 1098 527 1142 humili
556 1099 640 1142 sint
667 1114 694 1142 a
721 1113 821 1156 rege
849 1097 1058 1155 legatione
1087 1098 1269 1156 decepti.

221 1157 326 1200 Post
373 1155 590 1198 modicum
640 1154 884 1212 walpertus
939 1155 1079 1212 capite
1127 1162 1368 1209 truncatur,
1421 1154 1537 1198 Gezo

221 1212 379 1255 lumine
408 1212 613 1269 privatur.

218 1268 289 1312 De
335 1267 501 1312 Ildoino
544 1283 567 1310 e
600 1268 748 1324 iscopo
791 1274 833 1310 et
874 1267 1046 1310 Raterio
1089 1265 1312 1322 monacho,
1360 1280 1536 1334 quorum

219 1324 410 1368 Ildoinus
438 1338 516 1381 per
587 1338 773 1381 ugonem
811 1337 957 1380 regem
985 1322 1231 1367 Mediolanii
1260 1321 1539 1381 archiepisco-

218 1395 312 1438 pus,
342 1380 540 1424 Raterius
569 1379 738 1423 Verone
767 1380 994 1437 episcopus
1024 1380 1305 1423 constituitur.

221 1435 414 1492 Qualiter
441 1436 652 1479 Iohannes
690 1449 804 1493 papa
841 1437 896 1478 sit
925 1442 1085 1492 captus,
1126 1434 1318 1479 custodie
1346 1435 1539 1490 traditus,

219 1493 365 1551 ibique
394 1492 632 1546 defunctus,
672 1499 714 1535 et
752 1491 846 1549 quis
885 1498 983 1548 post
1020 1506 1118 1534 eum
1152 1491 1279 1535 fuerit
1309 1491 1539 1546 ordinatus,

220 1556 264 1592 et
302 1547 417 1607 quod
455 1548 585 1592 Wido
624 1547 804 1591 moritur
842 1555 885 1591 et
926 1547 1178 1591 Lambertus
1216 1546 1404 1590 marchio
1445 1561 1541 1591 con·

221 1605 422 1648 stituitur.

89 1662 179 1705 244.
223 1661 292 1705 De
327 1660 561 1704 munitione
600 1661 644 1702 in
681 1661 877 1716 ingressu
914 1659 1106 1703 Romane
1148 1658 1265 1703 urbis
1303 1660 1454 1717 posita,
1498 1659 1608 1706 in·p.
1626 1671 1694 1699 sos.

57 1709 67 1727 ⁹
222 1731 308 1775 qua
347 1731 426 1760 rex
468 1716 598 1773 Hugo
641 1716 904 1773 susscipitur,
947 1729 975 1758 a
1018 1730 1105 1773 qua
1146 1723 1188 1759 et
1229 1716 1410 1774 turpiter
1455 1730 1542 1758 non

221 1772 355 1816 multo
415 1780 482 1816 ost
510 1788 586 1829 per
613 1771 862 1815 Albericum
891 1772 1051 1815 eicitur.

39 1838 48 1885 ,ξ
109 1829 178 1873 45.
223 1828 350 1884 Quod
410 1829 526 1871 'vina
554 1828 635 1872 hoc
665 1828 731 1871 dis
763 1828 941 1871 ositione
970 1828 1026 1871 sit
1053 1827 1225 1871 factum.

23 1900 47 1943 j
109 1886 178 1930 46.
223 1883 416 1940 Qualiter
442 1892 486 1928 et
514 1899 590 1927 cur
618 1898 695 1927 rex
768 1884 885 1941 ugob
914 1883 1192 1927 Lambertum
1221 1883 1393 1927 fratrem
1415 1897 1541 1927 suum
1614 1917 1631 1934 .

46 1954 50 1964 ·
223 1941 424 2008 coeperit,
454 1949 496 1984 et
525 1939 700 1983 consilio
728 1941 908 1983 Bosonis
946 1941 1085 1984 statris
1124 1941 1192 1983 sui
1231 1955 1329 1984 eum
1368 1953 1542 1983 exceca-

107 316 181 752 .ἓὲὃὲξὲ

108 875 180 1200 ἶν’-ἴ.*ὂὲὃὲἕ

161 1358 164 1362 .
106 1267 175 1311 ἑὲ

106 1437 177 1481 33

43 2020 47 2047 5
222 2004 344 2052 vent,
375 1998 446 2040 cui
474 2002 517 2040 et
544 2011 733 2039 marcam
762 1996 893 2040 dedit.

48 2067 52 2083 1
110 2054 180 2098 47.
223 2054 318 2097 Rex
347 2052 475 2110 Hugo
504 2052 796 2096 iusiurandum
825 2066 852 2094 a
878 2051 1061 2096 Rodulfo
1090 2066 1191 2118 rege
1214 2052 1385 2110 accipit,
1414 2059 1542 2108 atque

1 2159 2 2162 Ἰ
44 2139 46 2144 ·
224 2109 473 2153 Heinricum
502 2123 649 2166 regem
677 2107 759 2151 sibi
787 2109 971 2151 amicum
1000 2108 1246 2151 muneribus
1274 2108 1387 2151 facit.

54 2169 56 2171 ’
110 2166 180 2210 48.
223 2164 439 2209 Arnaldus
469 2164 560 2207 dux
589 2165 898 2222 Bagoariorum
926 2163 1097 2207 Milonis
1127 2165 1293 2207 comitis
1320 2171 1363 2207 et
1382 2163 1543 2206 Raterii

32 2224 50 2247 ²³
223 2222 415 2321 ‹Epis-copi
444 2221 613 2321 zomm
647 2222 691 2264 in
719 2219 886 2264 Italiam
922 2227 1144 2278 properat;
1189 2220 1259 2263 cui
1295 2235 1372 2263 rex
1413 2219 1542 2276 Hugo

110 2334 182 2377 49.
225 2283 401 2376 ὅῗιῗόω
423 2284 643 2377 gaggand)
671 2332 869 2390 Hugonis
908 2332 1020 2398 regis
1055 2330 1259 2375 militibus
1295 2331 1542 2375 interfectis.

110 2389 181 2432 50.
226 2389 315 2489 Ξὲιιι·
351 2389 397 2432 Μ
430 2404 455 2432 o
493 2387 730 2432 Amaldum
768 2388 1001 2433 deseruerit
1035 2403 1086 2432 ac
1124 2402 1270 2446 regem
1314 2387 1542 2446 Hugonem

284 2446 391 2488 'crit.

0 2491 3 2493 ’
25 2491 54 2531 {²
111 2500 181 2544 51.
223 2500 438 2544 Amaldus
468 2506 714 2567 expugnata
741 2501 974 2544 munitione
1012 2515 1121 2559 quae
1152 2500 1345 2544 Veronae
1382 2506 1471 2543 erat
1500 2500 1543 2541 in

2 2575 5 2611 ss
31 2564 67 2615 ’ᾗ
226 2557 480 2615 Bagoariam
511 2557 632 2600 redit.

0 2614 70 2671 js.
114 2613 182 2658 52.
229 2614 295 2657 De
327 2614 495 2656 Verona
533 2614 621 2670 regi
654 2613 826 2671 Hugoni
864 2611 1042 2667 reddita,
1081 2618 1124 2655 et
1152 2611 1205 2655 dc
1244 2612 1414 2655 Raterio
1456 2612 1542 2669 epi-

227 2684 355 2728 scopo
385 2677 523 2727 capte,
553 2678 595 2713 ct
622 2668 730 2712 libro
759 2684 835 2712 suo
865 2669 1002 2712 facete
1031 2668 1132 2712 satis
1161 2669 1410 2725 composito.

450 2748 813 2793 EXPLICIUNT
843 2748 1153 2793 OAPITULA.

2 2884 4 2886 ’
26 2853 93 2956 ἐξ.)
115 2877 233 2906 ultione
258 2880 282 2907 1.
363 2878 394 2911 b)
417 2877 496 2911 hoto
522 2879 545 2905 ι.
