1838 3210
210 226 515 262 LIUDPRANDI
540 226 887 261 ANTAPODOSIS.
939 226 1033 260 LIB.
1061 226 1123 259 IV.
1175 226 1308 260 9-10.
1466 227 1512 260 83

44 364 48 377 ι
70 360 74 377 2
134 339 206 382 hio
236 347 338 382 erat.
396 337 482 380 Hic
510 337 556 380 in
583 336 792 380 auxilium
826 338 1120 382 Beneventani
1148 338 1381 395 principis¹
1413 353 1512 381 con-

32 406 66 442 ζτ
108 395 285 449 Grecos,
329 394 403 451 qui
446 408 545 437 eum
587 393 775 450 graviter
809 394 1118 451 obpresserant,
1156 394 1274 437 abiit.
1342 394 1511 447 Quibus
1525 407 1593 435 935.

38 471 101 490 ,un
140 450 301 494 bellum
330 449 516 504 inferret,
545 450 724 492 victoria
763 456 828 493 est
865 450 1040 507 potitus.
1106 448 1200 493 Con
1221 450 1230 459 “
1266 450 1296 492 ’t
1325 449 1511 508 denique

41 506 167 551 ultos
197 506 449 560 Grecorum,
478 506 650 548 iamiam
684 520 771 548 non
807 519 912 549 arva
939 505 1016 549 sed
1046 513 1185 549 castra
1213 520 1238 548 o
1271 506 1509 561 tinentium,

34 578 126 619 vmc
155 564 332 621 cepisse.
391 560 562 616 Quibus
591 561 695 604 dum
731 561 872 604 virilia
905 569 1159 619 amputaret,
1195 561 1296 604 talia
1332 563 1510 619 stratigo

39 641 59 655 ¹
73 620 84 630 ⁶
115 620 178 663 eis
205 624 375 676 preerat
409 618 642 660 nuntiavit:
702 618 931 671 ‘Quoniam
970 617 1145 676 quidem
1179 625 1323 661 vestro
1363 626 1509 662 sancto

40 673 548 740 operatori-spadonibus
576 672 637 717 nil
664 674 893 739 pretiosius
923 688 1016 717 esse
1042 674 1236 731 cognovi,
1267 674 1346 740 hos
1365 674 1510 717 studui

72 787 196 845 ,Ρίιίο
224 785 573 829 transmissurus’.

9 887 23 898 ,Ἰ
125 843 191 885 10.
246 842 502 886 Ludibrium
522 849 679 896 autem,
700 842 831 884 immo
852 857 900 884 sa
931 842 1121 896 ientiam,
1142 857 1271 899 quam
1297 841 1510 900 quaedam

41 918 47 936 ι
71 913 113 942 ιο
142 897 298 941 mulier
325 900 472 955 gessit,
503 897 572 940 hie
601 898 850 941 inseramus.
960 913 1033 940 um
1064 898 1178 941 enim
1216 897 1286 942 die
1321 897 1510 956 quadam

31 963 42 1003 ζ’
85 955 141 998 ci
170 970 269 998 cum
299 955 436 1012 ipsius
473 961 583 997 terre
619 953 864 997 hominibus
900 960 1023 997 extra
1061 959 1252 997 castrum
1290 953 1510 1012 quoddam

11 1011 18 1023 ³
46 1032 53 1049 ι
105 1030 114 1049 ι
212 1025 282 1053 am
317 1010 523 1054 adversus
561 1009 831 1054 Tedbaldum
869 1018 1153 1053 memoratum
1187 1011 1367 1066 exirent,
1406 1025 1509 1054 non-

18 1067 40 1101 ’Ἶ
80 1070 87 1104 Ι
123 1025 211 1111 ”affin
227 1066 378 1110 eodem
414 1073 513 1109 sunt
547 1067 675 1124 capti.
741 1066 862 1120 Quos
899 1066 1002 1108 dum
1040 1066 1312 1110 enuchizaret
1349 1081 1509 1125 eosque

39 1146 41 1152 =
82 1121 303 1167 castellum
331 1122 545 1180 dirigeret,
585 1121 737 1165 mulier
775 1121 1000 1180 quaedam,
1049 1123 1194 1166 mariti
1228 1138 1374 1166 amore
1413 1136 1509 1165 suc-

44 1200 78 1217 ιιι
96 1186 180 1234 α’,
209 1179 301 1222 eius
359 1193 407 1221 ro
437 1177 641 1222 membris
670 1193 757 1221 non
786 1193 938 1236 parum
968 1177 1184 1233 sollicitab,
1213 1180 1353 1236 passis
1381 1178 1507 1222 crini-

37 1243 83 1290 j·:
120 1234 174 1279 de
204 1249 277 1277 cas
351 1249 376 1277 o
407 1235 533 1277 *exiit
560 1233 804 1278 furibunda.
857 1235 981 1333 {uae
1010 1249 1110 1278 cum
1140 1231 1326 1278 cruentis
1355 1235 1573 1292 ungui-⁸1»
1588 1244 1655 1272 818-

28 1311 53 1342 ,ι
74 1311 80 1329 2
118 1306 194 1334 ora
222 1290 495 1348 discerperet,
525 1298 653 1348 atque
682 1297 781 1334 ante
810 1291 872 1334 Te
905 1289 1022 1334 baldi
1050 1292 1280 1334 tentorium
1310 1290 1508 1334 clamosis

43 1368 53 1404 ,ι
90 1348 189 1392 ibus
218 1346 354 1391 fleret:
412 1346 542 1401 ‘Quid
572 1361 725 1390 causae
754 1349 829 1390 est‘
865 1347 1017 1405 inquit,
1059 1347 1237 1403 ‘mulier,
1274 1347 1391 1405 quod
1420 1354 1508 1391 tam

29 1408 43 1458 '3
67 1404 171 1447 coris
200 1402 382 1446 vocibus
413 1403 644 1460 quereris?
684 1403 807 1457 Quae
840 1430 891 1436 —
923 1403 1026 1461 quia
1053 1403 1277 1447 stultitiam
1306 1402 1508 1447 simulare

38 1504 44 1520 -‚
74 1474 113 1514 o,
141 1458 372 1526 prudentia
399 1473 566 1501 summa
595 1467 671 1513 est,
714 1486 766 1492 —
806 1460 867 1503 ita
902 1474 971 1502 res
1006 1460 1147 1504 ondit:
1207 1461 1391 1503 ‘Novum
1426 1459 1509 1503 hoc

34 1515 330 1581 ',ud1tumque
358 1514 526 1558 facinus
556 1521 631 1566 cst,
660 1515 824 1570 heroes,
854 1523 903 1559 ut
930 1516 984 1559 be
1017 1531 1089 1558 um
1118 1532 1205 1560 non
1234 1517 1507 1574 repugnanti-

38 1592 79 1623 ,κ
115 1570 364 1615 mulieribus
393 1571 597 1615 inferatis.
655 1571 908 1615 Nostrarum
944 1571 1059 1615 nulla
1097 1588 1153 1616 ex
1187 1573 1507 1616 Amazonarum

53 1642 216 1695 nguine
245 1627 491 1686 prosapiam
522 1626 662 1683 ducit3
691 1627 913 1671 Minervae
944 1629 1106 1704 quippe
1136 1628 1274 1672 solum
1305 1628 1508 1686 operibus

51 1704 76 1721 v·
106 1692 187 1740 tae,
215 1698 433 1727 armorum
494 1684 661 1727 oenitus
692 1698 839 1728 sumus
869 1685 1045 1741 ignarae
1061 1717 1072 1726 .
1141 1684 1225 1728 Cui
1262 1699 1361 1728 cum
1396 1684 1508 1727 Ted-

54 1739 158 1789 dus
201 1739 381 1783 diceret:
442 1698 565 1794 ‘Quis
610 1754 684 1783 um
715 1754 815 1783 uam
854 1740 947 1783 sani
986 1741 1139 1798 capitis
1178 1740 1303 1784 heros
1398 1746 1509 1784 reter

46 1816 106 1853 ...m
143 1810 322 1839 enarum
370 1794 655 1853 temporibus,
735 1795 864 1839 ellum
918 1796 1168 1840 mulieribus
1218 1798 1262 1839 in
1328 1797 1360 1840 ’t
1457 1810 1509 1840 ea

63 1851 242 1896 ·ondit:
292 1851 446 1906 Quod,
476 1851 596 1918 cedo,
627 1851 839 1896 crudelius
867 1852 1119 1896 mulieribus
1147 1852 1308 1896 bellum
1337 1853 1507 1907 inferre,

48 1934 51 1941 -
80 1908 163 1952 dve
203 1907 513 1951 incommodius
550 1907 617 1951 his
657 1909 861 1966 potestis‘²
889 1909 1070 1963 auferre,
1114 1924 1244 1967 quam
1274 1917 1322 1953 ut
1361 1923 1507 1953 earum

48 1965 107 2008 's
146 1964 317 2008 certetis
356 1963 565 2007 orchidia·
604 1964 857 2022 amputare?
904 1965 949 2007 in
988 1966 1146 2023 quibus
1182 1966 1319 2009 nostri
1358 1965 1507 2009 refoci-
1523 1983 1711 2013 -ιιιιιιοιιιοι,

26 2020 107 2063 'o
135 2020 341 2078 corporis,
377 2027 420 2063 et
458 2019 575 2078 quod
615 2021 806 2064 omnium
842 2021 1113 2078 potissimum
1149 2028 1226 2076 est,
1265 2022 1508 2065 nasciturae

68 2091 104 2119 s
134 2083 252 2120 extat
311 2074 443 2119 rolis?
501 2075 619 2119 Dum
658 2077 773 2120 enim
812 2091 885 2120 eos
922 2077 1229 2133 eunuchizatis,
1268 2091 1355 2120 non
1392 2078 1507 2135 quod

60 2147 188 2188 mum,
219 2090 308 2175 sed)
326 2131 442 2198 quod
463 2140 654 2176 nostrum
676 2140 753 2187 est,
783 2132 942 2177 tollitis.
999 2134 1115 2176 Num
1145 2134 1320 2191 inquam
1343 2148 1507 2177 armen-

45 2236 48 2237 7
177 2202 252 2232 seu
280 2202 427 2231 ovium
456 2188 593 2254 copia,
623 2203 752 2246 quam
781 2188 887 2231 mihi
916 2189 1008 2232 dies
1036 2197 1135 2233 ante
1155 2189 1232 2232 hos
1257 2188 1507 2244 abstulistis,

31 2250 42 2278 -’
68 2252 147 2289 tra
176 2259 244 2288 me
274 2251 414 2287 castra
441 2243 561 2288 adire
592 2245 763 2302 coegit?
791 2244 1055 2288 Animalium
1086 2246 1247 2303 quippe
1273 2260 1384 2303 quae
1403 2245 1507 2288 mihi

32 2301 163 2344 'Ju'stis
185 2299 411 2358 dispendia
429 2298 576 2355 laudo,
606 2300 812 2344 iacturam
834 2300 944 2344 hanc
963 2307 1138 2357 tantam,
1168 2308 1254 2345 tam
1276 2300 1508 2357 crudelem,

60 2371 179 2416 uque
208 2355 603 2414 inrecuperabilem,
632 2355 772 2399 modis
803 2356 1002 2401 omnibus
1032 2356 1198 2414 horreo,
1232 2357 1364 2415 fugio,
1393 2357 1505 2401 nolo.

37 2411 154 2482 ‘sacti
183 2411 252 2456 dei
283 2426 432 2456 omnes
462 2411 589 2456 talem
618 2426 645 2455 a
674 2428 742 2456 me
771 2414 949 2456 avertite
978 2413 1178 2471 pestem’!
1223 2414 1305 2457 His
1333 2412 1506 2468 auditis,

25 2486 55 2537 λ’,
95 2515 189 2536 unse
211 2510 240 2536 1.
321 2508 353 2543 b)
375 2508 482 2536 somne
504 2510 530 2536 ι.
614 2510 642 2542 c)
664 2511 824 2543 potentem
847 2511 875 2537 ¹.

34 2622 38 2623 γ
65 2592 248 2639 Σιιιιᾶιιὶῆ,
266 2597 312 2631 cf.
330 2607 439 2642 snpra
457 2597 494 2631 11
516 2609 547 2631 c.
568 2597 625 2630 51.
667 2597 720 2631 Ex
747 2597 971 2632 Constantini
996 2597 1088 2633 libro
1116 2598 1161 2632 de
1181 2599 1384 2634 cerimoniis
1402 2598 1507 2633 aulae

116 2649 156 2679 t.
172 2645 208 2679 11
229 2656 261 2680 c.
282 2646 330 2680 44
350 2644 403 2691 (p.
419 2645 487 2679 ⁰61
509 2645 565 2680 ed.
583 2646 734 2690 Reiske)
753 2645 942 2690 discimus,
961 2657 995 2682 a.
1022 2648 1094 2681 935
1121 2646 1361 2692 Epiphaniam
1388 2652 1507 2693 proto-

48 2707 74 2735 v·
98 2694 225 2728 arium
251 2705 275 2728 a
299 2695 461 2729 Romano
487 2696 701 2739 imperatore
727 2696 763 2729 in
782 2694 926 2730 Italiam
954 2697 1098 2731 missum
1117 2707 1207 2738 esse,
1233 2700 1273 2730 ut
1289 2696 1506 2731 Landulfum

53 2741 272 2777 aenulfum
297 2743 436 2786 fratres,
462 2744 682 2778 winimarum
709 2748 745 2778 et
770 2744 967 2779 Waifsrum
993 2746 1150 2790 itemque
1176 2746 1302 2779 fratres
1329 2744 1506 2789 aggrede-

61 2806 89 2818 ·==
129 2801 324 2837 omnesque
350 2793 411 2838 qui
437 2802 460 2826 ι
485 2791 555 2827 fide
577 2793 800 2838 imperatoris
833 2793 1040 2828 defecerant
1072 2795 1263 2828 subiceret.
1315 2794 1371 2828 Ad
1398 2804 1506 2838 quam

88 2838 271 2923 -flgtirqnem
299 2851 344 2876 ee
368 2851 463 2886 quae
489 2845 615 2876 auctor
649 2846 770 2876 noster
795 2842 855 2876 hic
881 2846 1001 2877 narrat
1027 2853 1107 2877 cum
1133 2843 1299 2888 Koepkio
1326 2844 1506 2887 pertinere

79 2904 83 2915 ·
135 2898 154 2923 e
188 2900 233 2924 m.

29 2926 55 2958 {²¹

1148 2958 1194 2991 ὅ.
