1838 3210
58 186 69 231 ἶ
271 203 576 239 LIUDPRANDI
601 202 949 238 ANTAPODOSIS.
999 203 1095 237 LIB.
1122 203 1166 238 V.
1217 203 1325 236 5—7.
1479 201 1547 235 103

104 317 298 371 carius,
327 315 684 372 antesignanum¹¹
712 328 839 358 suum
868 315 1043 358 nomine
1073 313 1353 358 WVikbertum
1389 311 1544 357 talibus
1559 326 1627 355 940.

48 393 93 435 [π
107 387 229 417 orsus
258 378 324 415 est
350 370 512 416 verbis:

50 439 51 442 ’
219 426 382 471 Sarlius
407 425 590 480 inbellis,
621 425 851 469 multorum
879 428 982 470 fisus
1011 426 1056 469 in
1084 426 1225 479 armis,
1368 424 1530 468 Versus

216 484 488 541 Pugnatums
518 482 629 537 adit3
660 483 731 525 cui
758 482 889 527 fortes
912 489 1092 549 pectore
1121 489 1163 526 et
1191 482 1321 525 armis

218 538 458 584 Occursare
487 538 611 583 decet
639 537 797 582 bellum
827 553 881 582 ue
909 538 1065 582 inferre
1096 545 1332 581 cruentum.

217 595 351 639 Lecta
376 608 528 638 manus
557 595 774 649 iuvenum,
833 593 1009 653 ellisque
1039 595 1226 638 exercita
1245 591 1403 647 multis,

51 702 53 705 ,
165 663 186 697 5
217 651 299 696 Est
326 651 441 694 hueb
471 649 715 694 tendentem
745 664 855 708 quae
882 666 951 695 me
971 651 1172 694 comitata
1222 656 1431 703 atronum,

48 706 63 746 {i
216 707 418 751 Protinus
446 706 656 761 adveniet,
685 705 804 750 fulvo
834 705 1034 750 decorata
1063 713 1176 750 meta
1207 707 1244 749 o’
1257 714 1284 750 ¹.

52 805 59 818 2
163 776 203 821 6.
260 775 342 819 His
378 774 548 829 auditis,
595 773 864 829 Wikbertus,
912 781 960 818 ut
1002 781 1093 817 erat
1135 775 1202 818 vir
1244 787 1331 816 non
1374 771 1547 815 audatia

50 830 190 877 'solum
218 846 368 875 venun
396 831 523 875 etiam
564 831 740 874 scientia
779 830 932 874 fretus:
982 830 1147 885 ‘Mane',
1186 830 1258 884 ait,
1297 834 1361 872 ‘ac
1399 828 1546 886 copias

50 894 179 948 prout
207 888 318 945 potis
353 895 415 931 est
450 893 707 944 congregato
716 895 746 929 ⁰.
812 887 1026 943 Pergrave
1066 893 1132 929 est
1170 886 1297 940 enim,
1337 883 1546 927 exercitui

49 951 151 989 'cum
178 950 267 987 tam
296 943 446 1002 paucis
474 957 701 987 numeroso
732 956 966 986 occurrere.
1035 941 1122 986 Sed
1151 948 1194 985 et
1223 942 1260 984 si
1289 939 1547 999 quibuscum

48 1010 117 1045 tes
145 1001 288 1058 agitur
315 998 630 1054 animadvertis,
659 998 809 1043 heroes
839 1004 952 1052 sunt,
981 997 1097 1042 haud
1126 998 1300 1055 segnius
1319 1003 1362 1040 at
1394 1011 1447 1040 ue
1467 1010 1546 1039 nos

63 1055 161 1100 ··llo
189 1055 442 1100 assuefacti’.
509 1055 602 1097 lam
641 1054 874 1098 Anscarius
912 1053 1143 1099 Wikberto
1178 1060 1296 1097 recta
1329 1053 1365 1096 si
1396 1053 1411 1094 i
1449 1067 1547 1095 con-

45 1122 85 1147 ·³·
114 1112 201 1156 enti
229 1112 429 1155 conivere
458 1110 718 1167 decreverat,
749 1111 1008 1168 directisque
1038 1125 1087 1153 us
1120 1123 1345 1175 nequaque
1371 1108 1545 1163 nuntiis,

38 1207 41 1209 .
84 1188 151 1220 ‘⁰2
184 1182 312 1226 egare
341 1169 578 1211 exercitum
614 1174 802 1224 cuperat,
840 1181 939 1210 cum
976 1165 1092 1209 Arco
1124 1181 1175 1208 us
1212 1164 1399 1223 quidam,
1439 1165 1547 1206 Bur-

47 1238 67 1275 .·;
91 1245 97 1262 ι
121 1244 156 1262 ι·
171 1225 314 1267 'onum
362 1224 567 1280 sanguine
617 1231 747 1276 ortus,
796 1222 1076 1266 Wikbertum
1125 1222 1206 1265 ista
1256 1219 1546 1264 consulentem

45 1277 174 1326 'ctis
203 1281 442 1338 increparet
468 1279 647 1322 amaris:
692 1278 949 1334 ‘Chremeti’,
986 1278 1138 1336 inquit,
1179 1276 1343 1320 ‘similis
1373 1291 1432 1331 eS‚
1472 1276 1547 1333 qui

46 1336 105 1381 ab
147 1335 399 1380 Thrasonia-
439 1343 600 1379 metum
634 1334 792 1378 Thaidi
834 1335 887 1379 de
933 1333 1208 1378 occludendis
1251 1332 1403 1377 edibus
1448 1346 1546 1375 con-

102 1393 204 1447 ‘um,
249 1392 391 1458 quoad
429 1391 659 1435 advocatos
703 1391 785 1435 sibi
819 1405 845 1433 a
881 1390 974 1434 foro
1011 1390 1197 1444 duceret,
1227 1389 1367 1443 dedit3
1417 1402 1545 1446 quem

55 1457 148 1493 *um
175 1447 309 1493 Thais
347 1446 636 1505 prohiberet²z
681 1447 810 1501 Quod
838 1461 937 1490 eum
979 1445 1115 1490 salute
1157 1452 1244 1500 tua,
1280 1445 1352 1499 ait,
1392 1459 1545 1488 cavere

42 1505 199 1561 vJossis,
244 1503 421 1548 stultum
465 1503 688 1547 admittere
732 1509 809 1546 est.
882 1501 996 1546 Malo
1040 1517 1063 1546 e
1097 1517 1120 1545 ο
1165 1516 1243 1545 nos
1286 1501 1545 1558 prospicere,

46 1583 48 1585 ·
81 1576 177 1606 uam
211 1560 392 1604 ulcisci‘¹
421 1567 601 1616 accepta
629 1559 803 1602 iniuria!
849 1559 1037 1616 Optime,
1128 1557 1334 1612 ikbertus‚
1354 1558 1544 1614 inquam,

50 1617 280 1662 hrasonis
322 1616 460 1660 fecisti
503 1616 751 1659 memoriam
795 1614 955 1669 militis,
1002 1615 1076 1672 qui
1121 1613 1270 1657 rabido
1310 1613 1430 1671 prius
1473 1626 1544 1656 ore

54 1675 285 1728 teseviens,
322 1687 422 1716 cum
461 1671 517 1714 ad
554 1686 646 1715 rem
684 1685 831 1714 veram
869 1678 1046 1714 ventum
1087 1677 1210 1725 esset,
1251 1669 1471 1726 Syriscum
1501 1669 1546 1711 in

50 1737 201 1774 extro
230 1743 376 1781 cornu,
408 1726 699 1784 Symalionem
729 1728 773 1770 in
803 1727 973 1770 sinistro
1003 1727 1304 1780 constituens⁸,
1339 1725 1430 1782 ipse
1462 1723 1545 1767 sibi

62 1801 190 1830 cum
219 1792 318 1844 post
346 1784 584 1850 principia⁴
614 1782 752 1841 elegit.
811 1782 1141 1841 Burgundiones
1179 1782 1293 1825 enim
1323 1780 1543 1839 garrulose

46 1857 155 1898 se,
184 1856 362 1886 voraces
396 1854 446 1883 ac
485 1838 675 1894 inbelles,
718 1837 859 1882 nullus
898 1839 972 1897 qui
1012 1852 1085 1882 eos
1125 1838 1291 1881 noverit
1326 1837 1544 1894 ambigit⁸.

46 1903 73 1937 't
92 1919 97 1924 ·
115 1918 124 1936 ·
165 1905 208 1942 et
236 1911 366 1957 quam
395 1895 636 1955 perfortiter
671 1909 798 1953 saepe
833 1895 998 1949 feceris,
1037 1908 1144 1952 quas
1178 1893 1381 1951 fugiendo
1418 1891 1545 1936 decli-

51 1958 58 1965 ²
87 1975 92 1991 ι
112 1955 172 2009 ti,
202 1953 424 1998 cicatrices
453 1951 644 1995 indicant
673 1952 890 2009 corporis’.

52 2013 61 2073 s
161 2024 200 2067 7.
243 2019 505 2065 Huiusmodi
534 2020 677 2078 itaque
706 2019 940 2063 Anscarius
969 2027 1013 2063 at
1045 2033 1098 2062 ue
1118 2017 1373 2062 VVikbertus
1396 2015 1544 2059 exitati

41 2079 187 2133 ·⁰ctis,
217 2076 291 2121 ubi
321 2075 505 2121 Sarlium
535 2090 629 2119 esse
658 2090 756 2118 cum
786 2074 928 2119 multis
949 2089 1005 2117 au
1038 2082 1142 2128 runt,
1173 2087 1302 2131 quam
1323 2086 1426 2115 mox
1446 2085 1546 2115 cum

46 2156 70 2187 ιι
89 2135 197 2178 ucis
226 2147 456 2192 properare
494 2130 765 2176 contendunt.
832 2131 944 2175 Sex‘
979 2130 1141 2174 sarlius
1176 2130 1289 2172 acies
1324 2126 1545 2182 habuerat,

42 2205 231 2235 uarum
274 2197 359 2233 tres
403 2196 551 2232 contra
594 2187 790 2231 Anscarii
833 2201 975 2240 unam,
1021 2187 1064 2229 in
1105 2199 1190 2243 qua
1228 2192 1271 2228 et
1311 2184 1403 2242 ipse
1443 2190 1545 2237 erat,

18 2287 19 2290 ,
46 2248 276 2291 ·irexerat⁴
334 2246 433 2303 Ipse
461 2258 563 2287 vero
594 2243 724 2286 fluvio
754 2243 974 2286 interiecto
1012 2243 1074 2285 rei
1104 2249 1301 2299 spectans
1331 2246 1544 2293 eventum,

50 2346 53 2351 ,
116 2324 137 2342 u
191 2300 328 2346 tribus
363 2307 636 2345 remanserat.
694 2299 935 2343 Verebatur
977 2299 1103 2353 enim,
1148 2295 1264 2356 quod
1308 2310 1386 2340 nec
1429 2302 1546 2338 tanta

44 2375 51 2391 0
62 2373 147 2403 um
178 2359 318 2416 quiret
346 2355 572 2400 multitudo
609 2354 848 2408 defendere,
889 2355 925 2397 si
965 2369 1064 2398 suos
1099 2355 1144 2396 in
1183 2367 1280 2397 cum
1310 2352 1545 2395 Anscarius

41 2431 70 2468 x·
91 2422 197 2459 ·sset
224 2414 397 2458 obtutus
435 2411 649 2455 inducere.
707 2410 838 2454 Haud
875 2424 1007 2464 mora,
1047 2409 1205 2454 bellum
1244 2409 1455 2465 incipitur,
1501 2408 1546 2450 in

17 2489 68 2515 3·
92 2485 136 2514 o
172 2469 383 2523 Arcodus,
428 2469 528 2527 quia
572 2467 751 2525 fugerat,
796 2481 882 2510 non
924 2466 1107 2519 videtur,
1153 2464 1404 2510 Wikbertus
1443 2477 1544 2507 vero

43 2533 185 2571 orte
215 2534 337 2570 tenus
365 2524 624 2579 vulneratur,
662 2524 863 2581 quoniam
901 2522 1072 2580 quidem
1109 2521 1216 2564 mori
1253 2521 1385 2564 satius
1416 2533 1543 2561 (uam

46 2593 195 2642 'sere
225 2582 360 2625 duxit.
433 2580 513 2623 His
548 2581 691 2638 itaque
733 2578 930 2622 omnibus
969 2578 1024 2621 ab
1064 2577 1273 2621 Anscario
1310 2537 1544 2629 debeliatis,

51 2663 80 2766 φζ
101 2693 329 2724 antonina-tum
352 2692 378 2718 1.
402 2691 428 2717 2.
511 2690 541 2722 b)
565 2689 644 2715 hunc
671 2696 746 2716 corr.
768 2688 827 2715 hue
852 2690 876 2715 ι.
960 2691 988 2719 c)
1011 2689 1198 2720 congreg-tn
1222 2688 1245 2715 ι.
1332 2684 1363 2713 d)
1388 2684 1492 2711 ulei-0¹
1517 2685 1542 2711 1.

101 2731 225 2765 nnno·
249 2733 274 2758 ι.
358 2730 381 2764 1)
404 2729 464 2757 Sed
490 2730 516 2758 t.
539 2730 566 2756 2.
590 2728 643 2756 δι.
667 2732 712 2754 net
734 2728 762 2756 5.
784 2726 845 2755 Sex
868 2729 895 2754 8.

46 2792 57 2814 ⁵
104 2817 419 2864 campanae
434 2816 516 2851 ms.
570 2814 949 2859 2)·rerene.zun.1v,
968 2814 1049 2847 av.
1066 2813 1123 2848 24.
1176 2811 1540 2854 s)'r0r.1.1.7.v.s.

42 2818 90 2923 ,3
113 2867 195 2902 Ter.
220 2867 244 2902 1.
270 2867 295 2901 l.
322 2878 356 2901 v.
386 2867 442 2900 11.
545 2866 584 2908 6)
611 2864 667 2899 cf.
694 2874 800 2910 supra
827 2864 883 2898 111
911 2874 940 2897 c.
968 2863 1027 2896 44.

1567 1344 1578 1356 '
1587 1353 1617 1379 p.
1632 1345 1700 1375 329.

1565 2034 1618 2070 (⁸)
