1838 3210
270 202 363 238 vm
756 201 1027 237 PRAEFATIO
1051 200 1297 237 Enrroms.

123 325 257 363 'paor
272 313 472 356 ecclesiae
501 315 519 332 ’
534 313 829 357 Cremonensis
858 329 954 356 cum
976 313 1081 356 aliis
1101 315 1416 357 commutaviffl.
1459 313 1625 359 Eodem
1643 327 1764 359 anno

271 371 416 412 statim
438 375 542 425 post
571 369 726 411 Leonis
766 369 880 411 VIII.
911 369 1070 411 obitum
1104 384 1199 412 una
1237 385 1334 412 cum
1371 370 1528 426 thero
1555 368 1767 426 Spin-omi

271 426 474 482 episcopo
501 424 670 482 legat-ne
692 440 778 480 pro
808 424 1006 491 elipendo
1078 440 1170 481 apa
1205 426 1362 468 iterum
1389 426 1576 469 Romam
1604 425 1765 471 miens

270 488 331 524 est
345 488 373 522 ¹.
426 480 520 529 Quo
540 496 715 523 munere
736 440 1216 538 amplzssimojz'mctus,
1246 487 1392 524 utrum
1410 483 1459 524 in
1479 479 1766 527 Germaniam

270 538 455 594 indeque
497 536 747 580 Cremonam
783 537 987 590 redierit,
1027 552 1086 579 an
1126 538 1404 593 imperatoris
1440 539 1490 580 in
1520 536 1656 582 ltalia
1686 537 1766 580 ad-

270 599 441 635 ventum
463 592 762 649 praestolatus
781 594 850 646 sit,
883 593 1004 635 haud
1024 594 1321 648 comperimus.
1365 593 1498 635 Anno
1518 592 1603 636 966
1621 605 1765 637 meme

269 731 424 765 turbatio
450 731 697 775 invidiosaque
724 733 907 765 accusatio
932 731 1067 764 fecerat
1094 735 1273 775 expertem
1300 741 1322 764 a
1347 734 1541 775 conspectu
1565 731 1678 776 remo,
1704 732 1767 777 qui

270 781 322 814 sic
350 783 404 813 est
429 790 528 813 orsus
553 780 619 813 fari
654 790 743 813 voce
779 780 936 822 lugubri:
987 780 1105 813 ‘Pater
1138 780 1341 821 carissime,
1373 790 1478 823 quem
1511 781 1706 825 imperator
1726 781 1766 814 iu

269 828 428 862 secundo
454 829 555 871 regni
583 828 735 862 culmine
763 830 908 870 dicavit,
937 828 1110 872 deprecor
1135 829 1222 861 mihi
1246 828 1450 870 subvenire,
1483 830 1651 872 quoniam
1676 838 1766 873 qm·

271 875 352 910 dam
379 878 609 910 accusatione
636 877 822 911 damnatus
847 876 1026 921 nugecula
1052 887 1095 910 ac
1121 878 1250 910 iniuste
1277 878 1351 910 acri
1368 887 1559 921 percnum
1575 878 1766 920 sententia,

269 925 447 969 imperiali
474 937 550 959 sum
576 927 735 971 privatus
762 927 889 969 gratia.
937 926 1039 959 Nunc
1066 935 1151 969 ergo
1173 925 1306 959 adiuva
1331 937 1399 967 me,
1425 936 1542 960 meam
1568 925 1766 962 condolens

270 974 520 1015 obiectionem,
546 976 826 1018 recompensabo
854 976 946 1008 enim
973 978 1009 1007 te
1032 975 1156 1017 quovis
1182 974 1352 1009 munere'.
1392 974 1459 1009 Oui
1485 973 1566 1008 ille:
1592 974 1645 1010 ‘Si
1668 973 1766 1018 felix,

269 1023 402 1066 inquit,
436 1027 636 1057 sanctorum
674 1024 878 1068 corporibus
913 1034 968 1057 me
1002 1023 1166 1056 habendo
1199 1023 1346 1066 aliquod
1381 1023 1523 1056 felicem
1557 1023 1700 1068 feceris,
1729 1026 1766 1058 te

269 1071 417 1104 reddam
444 1072 716 1106 benevolentiae
743 1073 913 1116 pristinae
939 1072 1058 1115 regis’.
1109 1070 1164 1104 Ad
1191 1071 1283 1104 haec
1313 1071 1395 1105 ille:
1438 1072 1529 1106 ‘Non
1555 1070 1684 1112 audeo,
1710 1073 1766 1106 in-

270 1121 356 1163 quit,
381 1121 417 1152 in
444 1120 512 1153 boc
539 1122 609 1154 tuis
635 1121 841 1155 satisfacere
868 1121 1131 1164 rogationibus;
1164 1120 1309 1154 condita
1335 1121 1430 1153 enim
1455 1124 1538 1155 sunt
1561 1124 1765 1156 sanctornm

271 1178 420 1212 corpora
445 1170 556 1202 sacris
582 1169 764 1211 altaribus,
787 1170 850 1203 sed
878 1174 932 1203 est
958 1169 1043 1202 mihi
1070 1179 1160 1202 unus
1187 1180 1272 1202 arca
1297 1170 1334 1202 in
1350 1169 1473 1212 lig-nea
1489 1170 1638 1213 positus,
1657 1179 1764 1214 quem

267 1216 365 1250 illius
391 1217 462 1250 loci
488 1218 628 1250 incolae
655 1229 792 1251 summo
817 1223 1031 1251 venerantur
1056 1218 1200 1256 honore.
1223 1219 1414 1260 Hymetius
1430 1219 1586 1260 nomine,
1611 1219 1642 1253 si
1669 1218 1766 1255 hune

267 1265 334 1298 tibi
359 1265 489 1298 inferre
516 1266 672 1299 valerem
700 1268 836 1301 ratione
863 1266 995 1310 aliqua,
1021 1271 1057 1300 et
1074 1267 1120 1299 ad
1138 1270 1235 1300 tuam
1252 1277 1376 1311 posses
1394 1267 1583 1301 transferre
1600 1268 1767 1312 patri-n,

268 1317 304 1346 te
329 1314 405 1347 fore
430 1314 639 1348 laetandum
666 1317 753 1356 scio,
781 1319 881 1349 tanto
907 1320 1008 1359 patre
1030 1315 1161 1349 beato’.
1204 1316 1272 1349 His
1288 1326 1373 1349 vero
1391 1316 1514 1351 relatis
1530 1316 1764 1359 sermonibus,

268 1361 315 1394 ad
341 1362 507 1396 Ameriae
535 1364 705 1408 oppidum
731 1375 863 1398 venere
889 1365 1060 1408 protinus,
1088 1368 1124 1397 et
1149 1364 1245 1397 alma
1272 1364 1471 1398 calliditate
1499 1366 1652 1408 ingressi
1682 1368 1766 1400 sunt

269 1410 478 1452 ecclesiam,
514 1414 616 1455 quasi
651 1417 825 1446 nocturna
862 1413 1073 1446 celebraturi
1108 1413 1288 1455 mysteria.
1351 1413 1521 1447 Prostrati
1547 1424 1702 1458 namque
1726 1414 1765 1447 in

268 1460 439 1501 oratione,
479 1460 610 1494 diutius
644 1462 763 1495 multis
800 1463 980 1495 vacabant
1009 1462 1100 1494 votis
1136 1466 1171 1494 et
1205 1462 1382 1505 precibus,
1422 1472 1491 1506 quo
1525 1463 1599 1496 suis
1628 1462 1764 1497 sanetis

266 1507 429 1541 faverent
453 1510 702 1552 petitionibu33
730 1511 788 1543 vix
808 1510 960 1554 expletis
979 1511 1210 1551 orationibus,
1236 1514 1331 1544 totns
1352 1510 1414 1544 ille
1434 1512 1647 1545 contremuit
1661 1511 1764 1546 locus

267 1557 303 1588 in
329 1566 399 1599 quo
424 1558 568 1591 iacebat
594 1558 629 1591 S.
651 1558 855 1601 Hymetius.
906 1559 953 1591 At
977 1558 1160 1602 praesules
1187 1560 1350 1602 quamvis
1375 1560 1588 1601 tremefacti,
1612 1562 1764 1595 umen·

267 1614 330 1647 spe
367 1605 515 1638 credula
549 1608 692 1649 propius
727 1612 809 1640 sunt
842 1609 1016 1650 aggressi.
1075 1607 1219 1640 Interea
1255 1607 1465 1642 custodibus
1499 1609 1602 1652 gravi
1637 1618 1763 1645 sonno

267 1653 543 1694 dormientibus,
578 1655 743 1688 adierunt
777 1656 940 1699 episcopi
974 1655 1020 1687 ad
1055 1657 1171 1689 sancti
1205 1656 1368 1699 Hymerii
1401 1656 1641 1701 sepulchrum.
1693 1658 1764 1700 Qui

268 1701 350 1734 dum
378 1706 572 1746 coeperunt
589 1714 716 1743 >arcam
742 1704 919 1747 frangere,
954 1704 1097 1737 beatum
1126 1715 1253 1748 corpus
1281 1709 1451 1739 conantes
1478 1706 1675 1749 extrahere,
1701 1717 1762 1746 ex·

266 1750 493 1792 pergefactus
532 1751 678 1795 quidam
717 1762 760 1785 ex
800 1753 1006 1786 custodibus
1047 1753 1165 1796 coepit
1205 1752 1378 1787 clamare:
1430 1754 1586 1798 ‘Surgite
1622 1754 1764 1798 fratres,

266 1799 400 1842 surgite
427 1799 610 1842 velociter,
637 1801 739 1834 nobis
765 1801 862 1834 beati
880 1801 1041 1844 Hymerii
1068 1812 1196 1844 corpus
1222 1801 1380 1836 furatur'.
1423 1803 1501 1844 Quo
1527 1803 1641 1837 Liuzo
1657 1803 1763 1848 prae·

266 1845 321 1879 sul
357 1849 522 1890 egregius
556 1849 690 1890 audito,
719 1849 857 1882 custodi
886 1860 1086 1891 occurrens,
1120 1849 1218 1883 illico
1249 1851 1283 1883 ei
1318 1850 1380 1883 dat
1405 1862 1561 1893 munera,
1593 1855 1631 1886 et
1655 1853 1763 1897 petiit

265 1893 464 1937 silentium3
490 1896 552 1929 ille
578 1908 662 1930 vero
688 1902 839 1942 accepto
866 1897 1010 1931 munere
1036 1909 1171 1942 suoque
1198 1900 1274 1932 viso
1301 1901 1482 1944 episcopo,
1513 1905 1640 1935 tacens
1674 1910 1760 1935 con·

265 1942 348 1976 tulit
372 1944 577 1987 presidium.
628 1947 728 1979 Tunc
754 1946 934 1990 pontificis
961 1957 1088 1990 corpus
1122 1947 1290 1981 tollentes
1325 1947 1486 1990 celebre,
1520 1949 1762 1986 adoraverunt

264 1995 364 2025 tanto
398 1994 515 2035 gavisi
552 2004 709 2028 munere.
753 1995 957 2028 Condentes
991 2006 1075 2028 vero
1102 1998 1327 2030 sanctissima
1352 1997 1512 2031 membra
1534 2009 1621 2032 vase
1645 2000 1761 2042 puris-

266 2041 380 2082 simo,
416 2041 507 2074 clam
542 2044 721 2080 omnibus,
740 2045 901 2081 exierunt
935 2045 980 2076 ab
1007 2044 1151 2087 oppido.
1202 2045 1360 2078 Rediens
1394 2050 1512 2080 autem
1537 2047 1760 2091 praelibatus

265 2090 413 2123 antistes
432 2089 653 2132 Cremonam,
680 2103 800 2125 secum
820 2096 942 2136 optata
964 2092 1092 2126 obtulit
1108 2093 1254 2136 gaudia.
1294 2095 1362 2135 Qui
1381 2097 1558 2139 propriam
1575 2097 1760 2139 ingressus

265 2137 388 2170 urbem
422 2138 603 2172 advocans
638 2140 799 2183 plebem,
833 2142 971 2174 cunctis
1005 2141 1204 2175 beatissimi
1237 2142 1400 2185 Hymerii
1427 2154 1555 2188 corpus
1589 2145 1757 2181 ostendit.

263 2184 436 2219 Prostrati
471 2188 601 2220 etenim
628 2188 664 2221 in
691 2190 851 2222 oratione
885 2189 1049 2233 populus,
1083 2190 1212 2223 obnixe
1238 2190 1437 2225 laudabant
1468 2192 1662 2236 dominum,
1696 2195 1758 2239 qui

262 2232 372 2267 talem
397 2233 469 2267 illis
494 2240 678 2278 patronum
706 2237 866 2272 dederat.
919 2238 1079 2282 Cumque
1105 2240 1141 2271 in
1167 2240 1283 2272 saneti
1307 2242 1418 2283 patris
1441 2239 1568 2276 laudes
1589 2240 1757 2287 persiste·

263 2286 353 2323 rent,
379 2281 521 2326 plurimi
547 2286 726 2327 petierunt
753 2286 956 2328 ecclesiam,
983 2290 1018 2320 et
1042 2288 1079 2319 in
1100 2287 1270 2320 honorem
1298 2289 1373 2322 eius
1399 2291 1570 2332 mysteria
1595 2290 1756 2325 celebra·

262 2329 361 2364 vere.
385 2331 486 2364 Tunc
502 2333 724 2367 reconditum
743 2341 797 2368 est
813 2340 1080 2369 sacrosanctum
1101 2346 1227 2380 corpus
1241 2337 1371 2371 scrinio
1386 2338 1555 2373 decorato
1570 2339 1755 2377 decentius

263 2381 345 2421 post
370 2385 518 2413 sanetae
546 2381 603 2414 dei
629 2383 812 2424 genitricis
839 2383 964 2425 altare,
1001 2383 1096 2428 quod
1123 2384 1185 2418 illo
1218 2389 1376 2430 tempore
1411 2387 1594 2422 conditum
1615 2392 1694 2422 erat
1717 2389 1756 2423 in

263 2427 411 2460 australi
435 2433 536 2471 parte
562 2429 658 2463 illius
685 2430 875 2473 ecclesiae,
901 2433 963 2465 ubi
979 2434 1174 2476 permansit
1190 2433 1323 2467 diutius
1341 2445 1411 2468 non
1428 2435 1465 2469 in
1482 2435 1586 2470 altari
1606 2437 1755 2482 positus,

263 2475 349 2519 quia
382 2474 505 2510 deerat
540 2477 718 2511 condendi
749 2479 860 2522 locus,
892 2481 956 2514 sed
991 2484 1113 2514 tamen
1146 2485 1185 2515 ut
1217 2487 1362 2516 sanctus
1393 2494 1534 2528 semper
1557 2486 1594 2518 in
1620 2494 1753 2520 annum

264 2522 459 2558 colebatur.
507 2525 719 2561 Laudabilis
750 2532 867 2561 autem
902 2529 1083 2573 praefatus
1116 2531 1275 2574 pontifex
1309 2535 1410 2566 tanto
1445 2536 1546 2576 patre
1580 2533 1754 2578 gaudensv

262 2570 569 2607 animadvertebat
595 2575 747 2619 qualiter
772 2578 886 2610 sancti
913 2578 1083 2611 conderet
1108 2589 1258 2621 sacrum,
1284 2580 1346 2613 sed
1373 2585 1493 2615 tamen
1513 2592 1584 2616 non
1600 2583 1754 2625 fuithoe

261 2619 315 2653 ini
349 2621 481 2662 datum,
516 2623 600 2666 quia
631 2624 805 2668 imperiali
845 2627 989 2660 servitio
1022 2631 1167 2660 coactus
1203 2628 1546 2674 Constantinopolim
1583 2626 1753 2675 directus,

260 2667 348 2702 illuc
373 2669 525 2714 amplius
554 2670 652 2705 haud
688 2678 741 2707 est
770 2671 956 2708 reversus'.
1105 2674 1141 2718 1)
1166 2676 1263 2710 Mon.
1289 2678 1370 2711 hist.
1395 2683 1485 2722 patr.
1511 2679 1617 2722 xm,
1645 2677 1754 2717 1197.

261 2714 300 2760 2)
328 2717 433 2752 Cont.
456 2718 652 2762 Reginonis
677 2733 712 2756 a.
738 2722 828 2755 965:
866 2723 978 2756 Liuzo
1006 2720 1254 2759 Cremonensis
1281 2728 1482 2771 episcopus.
1651 2735 1655 2738 ’

259 2807 291 2865 a)
312 2814 438 2865 nmo&
