1838 3210
211 205 515 240 LIUDPRANDI
540 204 888 240 ANTAPODOSIS.
938 205 1034 240 LIB.
1060 205 1111 240 11.
1163 205 1322 239 34-39.
1471 206 1515 238 41

42 362 51 372 ,
88 337 125 370 ι;
167 317 233 360 ‘ue
261 315 489 360 iuvenilem
518 316 694 359 duceret
721 316 866 370 vitam,
896 316 1031 358 mirae
1058 314 1333 360 humanitatis
1369 317 1518 359 mirae·
1533 327 1600 355 ⁹00-

42 370 53 386 ²
70 379 131 417 e⁸
160 373 396 416 sanctitatis
424 372 516 427 fuit,
546 371 655 415 adeo
684 386 785 414 sane
814 379 862 415 ut
891 373 926 414 si
956 371 996 415 ei
1025 386 1052 413 a
1069 373 1294 416 venatione
1323 371 1520 416 redeunti
1533 366 1598 393 (Μ’

32 433 55 445 “’
95 449 101 465 ι
113 444 192 487 per
228 436 468 472 occurreret
478 428 511 482 ¹³,
553 427 756 485 aliudque
798 428 838 470 ei
877 427 1043 471 deesset
1081 428 1197 485 quod
1232 427 1292 470 illi
1328 436 1520 486 prestare

66 492 231 538 uniret,
262 499 395 527 cornu
423 484 629 542 protinus,
659 484 774 583 quod
794 484 885 526 eius
905 482 1013 526 collo
1042 483 1185 527 fibulis
1203 484 1344 527 aureis
1362 483 1519 542 depen-

66 547 166 595 ιισι,
195 541 285 583 sine
305 539 506 583 dilatione
526 554 658 583 conce
690 547 790 594 eret,
820 554 1075 596 rursumque
1101 541 1156 583 ab
1177 540 1340 595 eodem,
1392 542 1520 584 ‘nanti

49 611 63 633 ‘-
91 596 102 607 '
117 597 314 650 nabatur,
335 596 590 653 adquireret.
648 597 756 638 Tam
777 595 894 638 dirae
913 602 1056 638 autem
1085 595 1359 652 postmodum
1397 604 1519 640 aetus

49 667 63 677 ²
115 651 271 707 famae,
301 658 350 695 ut
377 651 621 694 huiusmodi
649 666 754 695 vera
783 651 836 694 de
866 666 916 695 eo
946 658 1034 694 tam
1063 665 1090 693 a
1118 652 1350 695 maioribus
1389 667 1518 709 quam

76 709 224 767 pueris
253 708 393 750 cantio
422 708 646 751 diceretur.
704 707 763 751 Et
792 708 894 765 quia
922 708 1116 750 sonorius
1146 715 1222 762 est,
1258 723 1385 764 grece
1413 708 1519 751 illud

50 778 235 808 camus:
266 764 562 822 ‘Assslsssqtogss
599 764 722 818 κόμις
751 778 951 821 κουρτης,
990 779 1072 817 μακ
1104 765 1320 818 cond-3113,
1349 767 1519 818 γουνδο-

34 821 57 857 A
82 835 175 875 τις,
212 819 468 863 Adelbertos
504 820 638 862 comis
668 820 811 874 curtis,
849 834 1074 876 macrospa
1124 821 1172 874 is,
1216 819 1516 877 gundopistis'3

51 889 108 919 ιιο
147 875 414 933 significatur
450 884 493 918 et
522 875 694 931 dicitur,
731 875 859 933 longo
889 876 1019 918 eum‘¹
1049 877 1111 919 uti
1141 891 1240 919 ense
1271 883 1314 919 et
1341 877 1518 919 minima

19 965 23 968 -
53 930 120 976 de.

15 976 37 1041 3³
133 988 201 1031 35.
244 987 387 1030 Huius
415 986 514 1030 deni
547 1002 599 1030 ue
629 986 896 1045 aliorumque
925 986 1224 1030 nonnullorum
1254 987 1517 1032 Italiensium

15 1053 26 1097 fg
61 1050 191 1086 rtatu
233 1042 422 1110 prefatus
460 1002 728 1086 Hulodoicus
771 1044 815 1085 in
859 1043 1027 1086 Italiam
1070 1043 1228 1086 venit1.
1288 1044 1371 1087 Cui
1414 1059 1517 1087 mox
1532 1060 1599 1088 902.

40 1107 48 1134 ἰ
71 1113 321 1156 rengarius,
342 1107 391 1142 ut
411 1100 623 1156 cognovit,
655 1099 826 1143 obviam
847 1099 995 1142 tendit.
1030 1098 1228 1157 Cumque
1248 1100 1517 1144 Hulodoicus

41 1156 283 1213 rengario
313 1155 395 1199 sibi
426 1156 597 1198 obviam
627 1156 815 1198 venienti
846 1170 1025 1221 magnas
1054 1155 1203 1198 adesse
1235 1157 1394 1213 copias,
1436 1157 1518 1201 sibi

49 1224 123 1255 ero
155 1218 346 1255 cerneret
372 1225 543 1277 parvas,
587 1211 860 1255 iureiurando
903 1227 942 1255 ei
971 1211 1052 1254 hoe
1082 1219 1242 1255 terrore
1273 1212 1518 1269 compulsus

50 1299 53 1303 -
81 1267 227 1322 misit,
266 1275 316 1311 ut
353 1282 389 1310 si
429 1281 476 1310 se
505 1274 606 1310 tunc
636 1267 879 1322 dimitteret,
919 1267 1134 1326 aliquibus
1163 1268 1518 1325 promissionibus

44 1344 67 1357 ἰ
98 1323 180 1367 ‘tus
209 1322 392 1381 amplius
422 1323 466 1365 in
486 1322 654 1366 Italiam
684 1339 771 1366 non
789 1325 966 1367 veniret.
1023 1324 1205 1368 Fecerat
1223 1339 1414 1382 namque
1436 1325 1518 1368 sibi

16 1416 17 1419 ,
69 1400 87 1418 ·.›
115 1380 306 1437 -ngarius
340 1378 534 1437 plurimis
573 1379 752 1423 conlatis
791 1380 1039 1423 muneribus
1067 1379 1345 1423 Adelbertum
1389 1380 1518 1424 Tuss-

23 1438 61 1470 “.
134 1456 155 1474 u
242 1451 287 1479 re
321 1436 633 1479 otentissimum
678 1435 990 1490 marchionem,
1037 1435 1121 1479 sibi
1162 1435 1287 1479 valde
1333 1413 1517 1491 fidelem,

21 1499 23 1502 “
58 1506 147 1535 -oue
177 1491 191 1533 i
223 1506 274 1534 eo
289 1450 571 1534 {hulodoicus
600 1500 689 1534 tam
717 1491 841 1534 facile
870 1499 936 1535 est
963 1491 1181 1550 expulsus.

130 1547 197 1591 36.
241 1547 415 1590 Modica
441 1562 541 1591 vero
571 1554 656 1591 tem
691 1549 776 1590 oris
805 1555 1050 1590 transcursa
1078 1547 1408 1604 intercapedine,
1439 1563 1518 1591 rex

67 1624 74 1639 ’-
113 1603 303 1661 ngarius
345 1605 564 1647 nominato
603 1602 642 1646 Α
676 1603 835 1647 elberto
875 1604 1020 1660 gravis
1060 1611 1124 1647 est
1152 1604 1284 1646 visus.
1344 1604 1426 1647 Oui
1455 1605 1517 1647 rei

47 1716 50 1719 v
129 1679 135 1697 s
176 1660 335 1702 coniux
364 1674 453 1714 sua,
484 1660 598 1717 regis
619 1660 817 1717 Hugonis
848 1660 922 1717 qui
950 1668 1095 1705 nostro
1125 1667 1224 1726 post
1252 1667 1442 1717 tempore
1472 1661 1517 1703 in

51 1711 57 1721 ’
105 1715 115 1726 ’
174 1715 372 1772 regnavit
390 1723 539 1770 mater,
567 1730 654 1758 non
674 1715 840 1759 modice
869 1716 1058 1759 fomitem
1079 1715 1359 1759 ministrabat.
1390 1716 1516 1759 Unde

44 1772 49 1783 ’“
88 1778 178 1814 tum
207 1779 285 1821 est,
327 1778 376 1815 ut
404 1771 595 1814 consulto
634 1771 784 1814 eodem
813 1771 1048 1815 Adelberto
1088 1771 1344 1826 marchione,
1386 1773 1515 1815 ceteri

39 1835 59 1881 ζ·
102 1828 239 1871 ’enses
258 1828 476 1885 principes
496 1835 671 1894 propter
690 1827 871 1871 eundem
887 1827 1193 1878 Hulodoicum‚
1214 1835 1263 1871 ut
1282 1827 1515 1883 adveniret,

37 1911 58 1938 ς
83 1884 362 1927 immitterent.
422 1883 507 1937 Qui
529 1883 762 1940 cupiditate
791 1883 1011 1941 regnandi,
1040 1883 1315 1927 iurisiurandi
1345 1883 1514 1939 oblitus,

36 1939 211 1983 ἰιιοίιιιε
239 1940 283 1982 in
312 1939 479 1982 Italiam
509 1941 639 1982 venit.

127 1996 196 2038 37.
238 1994 403 2039 videns
439 1996 582 2053 itaque
622 1996 921 2052 Berengarius,
967 1994 1082 2053 quod
1122 1995 1387 2038 Hulodoicus
1426 2003 1513 2038 tam
1527 2011 1594 2039 00⁶.

26 2051 30 2100 j
56 2072 63 2085 ·
101 2050 364 2095 Italiensium
404 2065 532 2108 quam
561 2066 588 2093 a
617 2051 854 2094 Tuscorum
894 2052 1205 2108 sussciperetur
1232 2051 1512 2109 principibus,

49 2120 232 2151 oronam
262 2106 478 2165 profectus
507 2115 583 2150 est.
642 2107 909 2151 Hulodoicus
946 2122 1049 2150 vero
1089 2122 1185 2150 eum
1217 2121 1314 2149 cum
1346 2107 1513 2150 Italien-

162 2178 285 2220 perse
317 2164 361 2206 ui
390 2178 475 2206 non
504 2163 732 2216 desistens,
773 2163 971 2207 Veronae
1013 2162 1131 2205 illum
1171 2163 1299 2207 etiam
1335 2163 1513 2221 expulit,

40 2219 43 2221 ’
91 2238 97 2254 ι
121 2239 142 2258 ιι
186 2233 239 2262 ue
269 2234 303 2262 sl
338 2219 351 2261 i
380 2233 560 2275 regnum
590 2219 767 2263 viriliter
795 2219 1056 2276 subiugavit.

129 2275 156 2318 3
186 2305 197 2317 .
242 2275 323 2318 His
351 2276 411 2318 ita
430 2276 575 2331 gestis,
604 2275 763 2318 bonum
785 2274 1027 2318 Hulodoico
1057 2282 1121 2318 est
1147 2275 1304 2330 visum,
1334 2283 1382 2318 ut
1403 2277 1514 2319 sicut

27 2351 61 2382 ,ι
107 2330 296 2374 umcirca
337 2330 526 2374 videret?
564 2330 730 2373 Italiam
770 2330 936 2374 videret
974 2338 1017 2374 et
1054 2330 1269 2373 Tusciam.
1350 2330 1513 2375 Exiens

21 2400 200 2449 „22¹⁸que
236 2386 409 2485 Ρῖρίἴᾶ
452 2387 736 2486 ἱοᾶοίεοίιιιτῦ
774 2386 951 2442 Lucam,
986 2387 1059 2430 ubi
1090 2386 1291 2430 decenter
1320 2388 1512 2445 miroque

41 2449 46 2488 ζ
104 2450 226 2485 aratu
255 2456 281 2484 a
411 2456 434 2485 e
481 2450 570 2486 erto
600 2443 712 2485 susci
747 2444 844 2485 itur.

20 2454 103 2558 *P
129 2497 197 2541 39.
243 2498 439 2555 Cumque
468 2458 744 2542 Hulodoicui)
765 2499 807 2541 in
839 2497 966 2541 domo
987 2496 1207 2542 Adelberti
1238 2506 1302 2542 tot
1330 2498 1510 2542 militum

23 2598 45 2615 .ae
70 2573 125 2605 *-;=
149 2561 232 2597 tes
268 2553 417 2598 adesse
456 2554 602 2612 copias
641 2563 852 2608 cerneret,
889 2561 1051 2597 tantam
1092 2554 1219 2597 etiam
1259 2553 1511 2612 dignitatem

21 2640 43 2711 ss
58 2673 211 2711 *⁸110an
232 2676 259 2702 1.
358 2673 390 2709 b)
413 2679 569 2702 occureret
592 2677 621 2704 ι.
716 2675 744 2709 ο)
766 2675 933 2712 Ati-flames
954 2677 981 2702 ι.
1073 2674 1104 2708 d)
1127 2681 1163 2701 eo
1188 2677 1213 2704 1.
1311 2675 1340 2709 ο)
1364 2682 1510 2702 uei-onam

90 2732 99 2741 .
121 2720 236 2741 noron-
260 2715 284 2741 1.
367 2713 392 2748 r)
413 2714 553 2741 vident?
632 2714 664 2749 ς)
685 2714 844 2749 proncitur
867 2716 893 2741 1.

20 2762 34 2797 ς
83 2810 198 2846 Tacet
222 2812 281 2846 hie
307 2818 431 2847 auctor
457 2813 502 2847 de
529 2813 732 2848 Hludowiei
760 2815 1029 2849 consecratione
1050 2813 1227 2859 imperiali
1245 2824 1278 2847 a.
1300 2814 1367 2846 001
1389 2823 1510 2847 mense

25 2903 46 2909 „
72 2857 212 2895 brutio
237 2861 345 2896 facta.

68 2970 73 2974 ,

26 2984 51 3019 ’ῆι
