1838 3210
404 251 708 286 LIUDPRANDI
733 250 960 286 LEGATIO.
1011 252 1144 286 9-11.
1462 253 1528 285 141

36 371 59 403 ε.
79 387 84 401 .-
108 379 150 407 c
177 379 334 408 novam
363 363 550 407 haberet.
606 362 743 406 Nemo
772 362 834 406 ibi
861 377 981 418 auro,
1009 378 1134 406 nemo
1155 364 1336 420 gemmis
1355 370 1529 407 ornatus
1544 378 1611 407 sss.

30 442 66 459 ·-=
94 428 142 477 t,
170 421 252 463 nisi
280 421 371 478 ipse
400 418 514 463 solus
538 419 817 478 Nicephorus,
846 434 973 478 quem
1001 419 1240 478 imperialia
1268 427 1528 475 ornamenta,
1542 417 1610 446 ¹¹¹⁰·
1634 419 1660 446 ⁷·

74 499 81 514 ·
122 478 332 520 maiorum
361 490 564 534 personas
592 483 764 534 sumpta
791 483 834 519 et
853 476 1101 534 composita,
1130 475 1364 520 foediorem
1389 476 1530 518 reddi-

30 540 200 577 erant.
259 534 342 576 Per
368 530 548 575 salutem
574 537 773 585 vestram,
814 547 926 590 quae
964 531 1070 575 mihi
1104 546 1201 575 mea
1230 533 1368 575 carior
1397 539 1528 586 extat,

78 611 109 627 ιι
156 596 393 632 vestrorum
422 589 614 653 pretiosa
647 589 780 632 vestis
818 603 1057 646 procerum,
1095 594 1267 631 centum
1300 588 1451 631 horum
1487 596 1530 631 et

27 659 78 683 1-.·
114 645 296 712 amplius
324 645 549 702 pretiosior
576 643 661 688 est!
701 645 874 688 Ductus
909 659 990 702 ego
1019 644 1076 687 ad
1106 645 1350 702 προέλευσιν
1377 645 1527 702 ipsam,

28 722 70 757 5⁸·
108 702 376 745 eminentiori
409 700 505 744 loco
534 701 655 744 iuxta
682 700 854 759 psaltas,
891 701 936 744 id
965 708 1030 744 est
1058 708 1266 756 cantores,
1304 715 1399 744 sum
1429 716 1528 744 con·

28 758 224 802 finitus.

150 815 216 857 10.
260 813 457 870 Cumque
487 813 608 871 quasi
644 821 815 871 reptans
850 819 1085 856 monstrum
1123 812 1229 856 illud
1262 813 1527 870 procederet,

36 869 279 914 lamabant
318 868 558 912 adulatores
595 869 780 926 psaltae:
825 868 953 912 ‘Ecce
990 870 1108 913 venit
1146 869 1269 913 stella
1305 870 1526 925 matutina,

23 928 175 984 urgit
201 925 333 980 Eous,
369 926 613 969 reverberat
649 926 801 970 obtutu
837 925 937 968 solis
965 926 1120 980 radios,
1159 925 1319 983 pallida
1349 925 1524 970 Sarace-

12 987 188 1035 {Quorum
225 997 352 1036 mors,
389 981 655 1039 Nicephorus
693 983 841 1036 μέδων,
878 981 923 1024 id
953 990 1017 1025 est
1044 983 1243 1039 princeps
1253 982 1275 1024 !’
1326 981 1452 1025 Unde
1484 989 1527 1026 et

16 1045 73 1091 siz-s:
98 1039 307 1083 tabatur:
346 1038 540 1092 ίμέδοντι,
570 1037 615 1080 id
643 1046 708 1082 est
735 1039 874 1096 princi
906 1039 932 1093 i,
974 1038 1232 1095 Nicephoro,
1276 1038 1410 1082 πολλὰ
1441 1040 1526 1094 ἔτη,

21 1095 80 1150 eqd
108 1101 174 1139 est
199 1093 343 1152 plures
370 1095 471 1137 anni
501 1094 633 1137 sint¹!
687 1094 848 1138 Gentes
875 1053 990 1137 bunc
1018 1094 1205 1149 adorate,
1243 1094 1357 1137 hunc
1386 1094 1525 1150 colite,

25 1152 135 1196 uic
153 1158 271 1194 tanto
298 1149 406 1194 colla
425 1150 594 1194 subdite
607 1151 629 1192 !'
658 1151 828 1204 Quanto
849 1157 951 1194 tunc
971 1151 1114 1194 verius
1133 1157 1352 1194 canerent:
1382 1150 1524 1194 Carbo

100 1207 242 1252 tincto
276 1207 387 1261 veni,
423 1208 552 1261 μέλλε,
581 1221 687 1250 anus
716 1207 899 1262 incessu,
937 1207 967 1250 S
999 1206 1154 1250 lvanus
1188 1206 1324 1261 vultu,
1352 1207 1524 1261 rustice,

62 1283 67 1298 »
87 1264 277 1320 trivage,
321 1264 528 1320 capripes,
573 1270 759 1318 cornute,
799 1263 958 1307 bimem
990 1264 1062 1319 ris,
1103 1264 1273 1320 setiger,
1315 1262 1524 1318 indocilis,

46 1340 82 1371 'L
122 1326 228 1374 ·-›:t1s‚
255 1319 437 1363 barbare
486 1318 605 1373 dure,
635 1318 783 1363 villose
797 1327 825 1374 ²,
861 1318 1044 1374 rebellis,
1082 1319 1340 1386 Cappadox!
1385 1319 1525 1376 Igitur

101 1376 238 1421 idicis
266 1373 349 1419 illis
380 1376 423 1418 in
454 1383 549 1418 atus
584 1377 762 1430 naeniis,
803 1383 995 1419 sanctam
1030 1375 1236 1434 Sophiam
1273 1376 1523 1432 ingreditur,

20 1438 50 1469 fi:
64 1433 217 1476 ominis
261 1432 349 1474 suis
391 1431 719 1489 imperatoribus
759 1446 804 1475 se
842 1447 870 1475 a
905 1431 1031 1488 longe
1074 1432 1351 1490 sequentibus
1395 1440 1437 1476 et
1479 1433 1524 1475 in

74 1489 154 1532 cis
182 1486 328 1531 osculo
362 1487 418 1531 ad
454 1496 610 1532 terram
648 1502 785 1546 usque
823 1487 1112 1533 adorantibus.
1169 1488 1368 1545 Armiger
1397 1489 1523 1532 huius

115 1546 191 1589 'tta
219 1543 383 1588 calamo
411 1545 601 1587 immissa
628 1551 827 1588 aeram¹²³
856 1545 901 1587 in
930 1543 1112 1588 ecclesia
1130 1546 1264 1602 ponit,
1294 1560 1405 1603 quae
1427 1559 1523 1602 pro·

38 1657 49 1661 ι
67 1623 73 1637 ι
90 1601 244 1655 uitur,
282 1614 374 1666 .q¹.¹⁰
411 1601 613 1666 nimirum
649 1608 839 1667 tempore
878 1602 1088 1659 imperare
1132 1602 1332 1659 coeperit,
1376 1608 1419 1644 et
1462 1603 1523 1644 sic

28 1754 30 1756 ,
148 1655 368 1756 1ἰ.’1ῗ’ίε’ἑ’
382 1656 1093 1757 essffiffl¹ffiguggi1xii2tssfl1effl2tkibi
1121 1728 1214 1757 esse
1244 1714 1379 1757 iussit.
1424 1714 1523 1757 Non

82 1776 151 1814 tus
178 1775 335 1823 autem,
363 1784 433 1812 me
461 1769 639 1835 dignum
667 1784 760 1813 esse
789 1770 976 1827 cuipiam
1011 1784 1185 1812 suorum
1220 1771 1398 1827 preponi
1427 1785 1523 1827 pro-

69 1846 87 1865 ιι
137 1841 192 1881 m,
221 1826 396 1884 quintus
424 1825 617 1869 decimus
638 1825 695 1868 ab
714 1840 766 1870 eo
785 1826 949 1884 absque
968 1840 1157 1884 gausape
1186 1825 1299 1881 sedi3
1329 1841 1523 1870 meorum

23 1896 157 1938 ,ac-0
199 1882 416 1936 comitum,
460 1895 546 1924 non
587 1881 685 1925 dico
729 1881 866 1926 solum
903 1897 1075 1926 mensae
1112 1897 1200 1926 non
1232 1882 1403 1938 assedit,
1447 1882 1524 1926 sed

26 1948 51 1974 ’ν
72 1959 83 1976 ·-
97 1959 105 1976 ·
119 1953 173 1982 ue
201 1938 390 1993 domum,
427 1939 472 1981 in
509 1952 595 1996 qua
623 1939 804 1982 conviva
840 1954 970 1994 eram,
1006 1938 1126 1982 vidit.
1234 1954 1289 1982 ua
1317 1939 1362 1981 in
1390 1954 1526 1983 coena

88 1995 236 2052 ..poris
274 1995 391 2049 satis,
434 2002 477 2038 et
514 1993 712 2050 obscena,
755 1995 971 2039 ebriorum
1010 2010 1141 2050 more,
1186 2010 1212 2038 o
1229 2010 1279 2038 eo
1319 1994 1523 2051 delibuta,

77 2051 203 2109 'oque
240 2050 425 2109 quodam
456 2049 683 2094 deterrimo
717 2051 900 2109 piscium
936 2050 1129 2110 liquore⁴
1167 2066 1354 2109 aspersa,
1390 2051 1525 2095 multa

204 2107 391 2165 potentia
425 2113 576 2161 vestra,
605 2105 739 2151 multa
776 2122 907 2165 super
944 2109 1091 2165 regnis
1127 2112 1169 2150 et
1198 2106 1416 2162 militibus,
1453 2123 1524 2152 me

27 2174 48 2203 ·-.⁴
66 2163 215 2229 gavit.
273 2162 357 2207 Cui
385 2177 483 2206 cum
513 2169 822 2220 consequenter
850 2171 893 2207 et
920 2179 1020 2207 vere
1049 2163 1363 2229 responderem,
1393 2165 1523 2208 ‘Men-

27 2267 32 2270 ,
105 2220 172 2275 sl',
215 2220 294 2274 ait,
340 2218 515 2263 ‘domini
557 2219 619 2262 tui
661 2218 814 2263 milites
857 2219 1075 2278 equitandi
1119 2221 1269 2277 ignari,
1312 2220 1523 2278 pedestris

28 2286 204 2342 §agnae
223 2281 322 2319 sunt
341 2276 475 2330 inscii,
505 2283 723 2320 scutorum
744 2276 1006 2333 magnitudo,
1036 2274 1263 2320 loricarum
1282 2277 1523 2333 gravitudo,

27 2346 201 2382 nsium
243 2330 486 2398 longitudo,
564 2331 749 2374 alearum
783 2347 835 2375 ue
884 2332 1051 2390 pondus
1094 2339 1245 2375 neutra
1285 2340 1405 2391 parte
1449 2348 1523 2377 eos

26 2391 228 2446 ιιμείωτθ
257 2388 381 2443 simt’,
408 2403 458 2431 ac
488 2403 539 2431 su
571 2388 735 2431 ridens:
764 2394 775 2415 ⁴
801 2388 986 2446 mpedit’,
1015 2389 1165 2447 inquit,
1196 2393 1282 2432 ‘eos
1310 2396 1353 2432 ct
1373 2391 1523 2445 gastri-

30 651 32 654 ⁴
33 611 40 631 ..a

25 2468 57 2521 ἰ
86 2497 126 2525 ιι.
147 2503 241 2524 anm.
265 2498 292 2526 C.

33 2551 77 2619 )
102 2573 260 2608 Οοιίἰιίιιι
286 2572 455 2617 Curopal.
493 2573 556 2626 lib.
583 2574 627 2608 de
661 2574 756 2610 offic.
789 2574 894 2609 aulae
922 2574 1193 2620 Constantinop.
1221 2570 1296 2620 ἅμα
1322 2570 1435 2622 ὄυνῐῷ
1460 2572 1522 2609 τὸν

30 2662 34 2671 1
54 2621 183 2669 gusua
208 2620 373 2669 φανῆναι,
400 2621 433 2655 οί
459 2621 593 2666 ψαλται
618 2619 741 2658 αὐτίκα
766 2620 944 2669 ψάλλουσι
959 2620 1001 2658 τὸ
1017 2621 1264 2672 πολυχρόνιον,
1289 2624 1521 2668 simulatque

206 2673 398 2716 imper-tor
424 2676 586 2706 cantores
612 2674 729 2706 statim
758 2677 908 2714 cannn23
935 2673 981 2707 ad
1001 2673 1130 2707 multos
1148 2684 1271 2715 annos,
1298 2673 1392 2717 quod
1412 2673 1521 2708 Curo-

36 2719 46 2730 ”
98 2724 159 2755 ata
191 2724 299 2755 vocnt
330 2718 420 2755 πολι)
444 2720 601 2767 oei-itam
659 2722 705 2756 Et
729 2723 842 2767 ipsam
869 2723 1047 2756 actionem
1073 2733 1136 2757 seu
1164 2723 1364 2756 cantionem
1392 2722 1522 2757 multos

93 2780 147 2804 σοι
174 2770 357 2814 precandi,
381 2731 658 2816 ποξωχρόνισμα.
687 2769 722 2805 0.
822 2770 863 2814 2)
890 2771 943 2805 Cf.
970 2772 1054 2805 Ant.
1082 2772 1114 2804 V
1142 2783 1173 2806 c.
1192 2771 1251 2810 32,
1277 2772 1410 2805 Versus
1437 2773 1522 2806 Ovi-

60 2829 96 2853 ο
122 2819 257 2853 Nasoni
281 2818 431 2853 tributo·
456 2818 617 2863 (Antbol.
646 2819 706 2854 lut.
734 2819 778 2853 ed
810 2821 915 2854 Riese
944 2831 974 2854 c.
998 2820 1087 2862 ⁰82)
1104 2832 1138 2854 v.
1160 2821 1190 2854 1.
1218 2822 1252 2854 3.
1280 2821 1315 2854 4.
1391 2822 1429 2859 3)
1449 2821 1471 2854 i.
1491 2830 1521 2855 e.

192 2868 343 2912 imperii.
448 2867 489 2911 4)
515 2867 571 2902 cf.
597 2869 686 2902 infra
713 2879 744 2903 c.
777 2869 839 2902 18:
866 2869 1022 2913 salsugo.
1049 2880 1080 2904 c.
1108 2870 1172 2903 20:
1200 2880 1286 2912 garo
1315 2868 1523 2911 delibutum,

93 2916 160 2951 32:
187 2916 267 2951 oleo
294 2921 329 2950 et
356 2926 443 2960 garo
468 2916 660 2952 sordidam.
