1838 3210
192 231 499 265 LIUDPRANDI
523 229 874 264 ANTAPODOSIS.
925 229 1022 263 LIB.
1050 230 1114 263 1v.
1168 228 1323 264 12-13.
1461 231 1508 264 85

40 364 72 381 ,ιι
95 341 210 385 ·'bus
239 356 335 384 eam
364 341 522 395 exuite,
552 356 605 384 ne
634 339 792 383 alieubi
822 355 952 398 super
986 355 1032 384 se
1061 342 1198 398 possit
1225 341 1374 396 latere3
1409 344 1508 385 novi
1521 353 1593 380 9⁸6-

49 421 53 435 ι
67 398 79 409 ’
93 418 138 453 ιι,
168 405 375 464 quantum
405 396 572 452 callida,
602 404 897 454 quantumque
932 397 988 440 sit
1016 397 1200 454 cupida’.
1256 397 1396 454 Igitur
1423 397 1506 441 illis

44 454 287 498 weunnbus
328 454 528 511 regisque
574 452 754 495 iussioni
802 451 1092 509 paroentibus,
1141 468 1241 496 cum
1289 455 1508 510 requisitis

37 530 71 547 m
95 509 211 553 ·’bus
249 509 310 552 nil
345 509 617 563 invenissent,
652 508 917 552 vestimentis
951 523 1049 552 eam
1084 509 1283 552 omnibus
1320 510 1509 553 nudave-

75 573 124 610 ·t.
180 565 278 608 Hoc
308 566 407 609 deni
439 580 493 608 ue
521 572 610 608 tam
638 570 764 622 turpe
793 563 961 607 facinus
989 572 1119 622 atque
1139 565 1378 609 inauditum
1409 581 1509 609 cum

19 620 23 624 ’
54 621 303 666 ertentihus
346 636 371 664 o
445 622 455 630 '
518 619 753 678 proborum
796 635 923 664 nemo
963 622 1244 678 conspiceret,
1288 636 1506 666 servorum

24 687 57 714 ἰ
72 677 186 721 ‘dam
221 677 384 721 directo
422 677 588 731 obtutu,
622 691 882 734 purpuream
917 691 1039 720 secus
1076 678 1242 720 natium
1281 678 1509 735 speroiden

24 735 41 746 “’
63 734 118 778 't
146 733 388 792 dependere
417 733 657 790 corrigiam,
698 746 827 790 quam
856 732 1111 790 inpudenter
1138 733 1347 790 arripiens
1375 733 1509 778 foedi-

36 813 54 827 ιι
82 805 158 833 oue
186 788 372 844 trahens,
401 804 424 832 e
454 789 670 833 secretiori
700 789 889 846 corporis
954 797 1045 832 arte
1083 804 1178 833 eam
1213 797 1386 833 secutus
1420 790 1509 834 bal-

18 868 44 901 ¹2
63 866 95 883 ·:
131 852 196 889 est
223 860 434 903 egressus.
500 845 661 888 Servus
699 845 842 911 itaque
880 846 917 887 is
949 859 1017 887 em
1051 860 1140 888 non
1173 845 1311 888 solum
1346 847 1508 890 invere-

8 901 216 958 sancitis&
245 901 322 944 sed
350 916 400 945 eo
431 902 526 959 ipso
554 901 670 958 turpi
699 900 887 944 faemore
922 900 1097 944 hilarior
1129 902 1340 946 redditus:
1400 902 1506 945 ‘Hm

13 963 35 1014 ’,ἶ
73 958 83 1000 !
113 957 200 1000 he'!
230 958 292 1000 ait
320 961 463 1015 ‘quam
494 957 656 1014 peritus
686 956 992 1000 obstetricandi
1020 957 1156 1002 miles.
1214 957 1364 1001 Ruffus
1399 974 1509 1016 puer

7 1027 24 1066 j„
100 1021 229 1057 natus
256 1013 402 1068 herae3
464 1027 607 1067 uaeso,
637 1019 685 1055 ut
706 1013 761 1055 sit
780 1027 830 1055 su
862 1021 1036 1057 erstes1.
1081 1014 1120 1058 Ο
1141 1029 1210 1057 me
1230 1013 1507 1071 fortunatum,

22 1090 57 1119 ἱι.
81 1083 140 1112 ..ο
181 1068 379 1113 omnibus
420 1069 461 1112 fe
480 1069 667 1123 ‘ciorem,
708 1069 744 1111 si
842 1084 887 1112 es
927 1069 1075 1113 saltem
1111 1070 1219 1112 duos
1258 1085 1371 1114 uxor
1410 1085 1509 1115 mea

18 1125 112 1178 ’Ἰι“ι
143 1131 314 1184 pareret
341 1133 477 1180 natos,
506 1125 583 1168 hos
624 1124 785 1190 quippe
821 1124 1238 1183 Constantinopolim
1276 1126 1507 1183 dirigerem

15 1182 30 1237 f
50 1202 54 1217 ι
79 1181 426 1281 ·tios,03;10niam
447 1180 635 1239 quidem,
663 1188 714 1224 ut
731 1180 1022 1224 1nstitoribus¹²
1042 1182 1313 1226 narrantibus
1332 1184 1506 1239 agnovi,

42 1239 199 1281 uiusm
260 1237 271 1247 ‘
314 1236 498 1280 libenter
546 1237 779 1293 imperator
826 1238 999 1280 nuntios
1047 1239 1161 1281 susci
1196 1239 1254 1281 it’.
1326 1238 1505 1283 Talibus
1521 1258 1653 1294 ψειεν,

21 1299 23 1302 ⁴
69 1314 78 1331 ι
112 1308 201 1337 rea
228 1291 361 1337 willa
388 1292 567 1336 confusa
595 1293 876 1348 sermonibus,
911 1292 1099 1337 lacrimis
1128 1309 1151 1337 e
1237 1295 1274 1338 is
1301 1294 1503 1339 latentem

56 1348 88 1395 b
117 1349 246 1393 corde
273 1349 412 1415 aperit
440 1348 607 1392 cunctis
636 1347 840 1395 dolorem.
899 1348 1059 1393 Servus
1087 1357 1244 1406 autem,
1281 1357 1330 1394 ut
1356 1366 1505 1395 eorum

22 1406 31 1416 ”
99 1426 120 1443 ιι
160 1413 237 1461 est,
271 1419 364 1448 elus
401 1404 638 1448 deiectione
673 1419 760 1447 non
798 1404 936 1448 solum
970 1420 1057 1449 non
1091 1406 1319 1450 inclinatus
1353 1422 1503 1451 verum

60 1490 75 1497 ν.
115 1481 122 1499 ι
189 1461 414 1515 animatus,
469 1461 549 1504 hec
606 1459 662 1503 ad
719 1461 1070 1519 exaggerandum
1132 1461 1290 1506 doloris
1347 1463 1504 1507 vulnus

43 1517 177 1562 ’ec-it:

117 1571 262 1616 ‘willa
276 1571 381 1630 quid
394 1572 587 1616 insanis?
615 1586 768 1615 aurum
783 1573 898 1630 quod
913 1573 1098 1617 condere
1114 1576 1254 1618 caecis
1325 1575 1503 1618 Versus.

115 1628 276 1686 Incipis
305 1630 351 1672 in
379 1626 613 1672 membris?
642 1629 721 1685 pro
749 1643 836 1672 non
864 1629 1011 1672 audita
1039 1630 1220 1687 cupido!

43 1690 64 1722 i
116 1684 284 1728 Allecto
313 1684 434 1728 furiis
462 1698 656 1750 gemmas
685 1686 728 1727 in
758 1699 937 1784 οοιἸ-Ἰροτθ
968 1685 1116 1729 condis
1126 1694 1154 1730 ⁰.

26 1745 39 1777 ἒ·
62 1752 64 1755 ’
115 1740 327 1784 Mati-ibus
354 1739 571 1784 insolitum
601 1738 707 1783 tales
765 1755 813 1784 ro
845 1755 970 1784 ucere
1030 1748 1163 1796 artus,

114 1795 231 1839 Hinc
259 1795 336 1839 tibi
364 1795 482 1839 nulla
510 1795 659 1839 decem
751 1804 872 1840 erant
899 1797 996 1840 fasti
1030 1798 1070 1840 'a
1097 1806 1302 1842 menses².

115 1851 243 1895 Alma
270 1867 438 1910 parens,
467 1851 572 1895 tales
600 1850 727 1895 nobis
756 1852 872 1896 haud
901 1853 1046 1897 desine
1076 1853 1214 1900 foetus

30 1911 38 1961 ,ι
114 1907 271 1963 Edere,
300 1908 374 1966 qui
402 1909 494 1951 nati
522 1923 573 1951 su
604 1915 724 1952 erent
752 1915 793 1951 te
822 1915 960 1953 aetate
989 1917 1209 1967 parentem
1220 1909 1241 1952 1’

41 1974 54 2005 ῐ
114 1963 238 2008 Talia
264 1964 484 2008 cunctanti
512 1978 561 2007 co
593 1978 666 2006 um
698 1972 966 2021 percusserat
994 1980 1105 2008 unus

28 2029 57 2072 ἒξ
112 2020 316 2078 Impiger,
345 2034 399 2063 ac
425 2020 569 2063 verbis
597 2020 740 2076 ipsum
769 2019 838 2064 cul
869 2028 963 2065 arat
990 2022 1160 2064 amaris.

35 2103 74 2132 ..··
121 2076 181 2120 ita
215 2077 415 2134 peractis,
450 2074 616 2120 balteus
644 2077 738 2134 regi
773 2076 830 2120 ad
862 2077 1015 2132 ucitur,
1056 2091 1192 2135 eaque
1228 2078 1271 2119 in
1300 2078 1498 2144 Burgun-

46 2177 59 2183 Ἰ
85 2153 106 2171 ι.
145 2131 390 2176 destinatur.
449 2131 605 2176 Utrum
635 2139 791 2188 tamen,
821 2147 932 2198 quae
961 2132 1200 2187 abscondit,
1239 2140 1314 2177 aut
1343 2148 1417 2191 qui
1446 2137 1497 2178 eo

75 2189 216 2232 uirere
245 2188 379 2243 iussit,
407 2187 575 2231 foedius
604 2189 751 2245 egerit,
780 2189 912 2232 michi
932 2190 1107 2246 quidem
1135 2188 1306 2233 videtur
1333 2189 1498 2247 amphi-

50 2258 161 2295 ⁴um.
220 2243 376 2310 Liquet
402 2251 558 2298 tamen,
589 2244 705 2302 quod
734 2253 914 2302 uterque
943 2246 1076 2288 nimia
1104 2245 1159 2289 sit
1188 2246 1281 2288 auri
1309 2261 1497 2303 gemma-

39 2298 50 2307 ''
67 2322 86 2338 ..
127 2315 182 2344 ue
211 2299 413 2357 cupidine
441 2301 666 2344 animatus.

34 2362 44 2399 4
98 2315 180 2401 ‹33-
236 2355 593 2414 Burgundionum
656 2363 850 2422 preterea
905 2372 983 2401 rex
1042 2356 1253 2401 Rodulfus
1311 2365 1491 2401 mortem
1508 2373 1563 2409 (ο.)

43 2410 155 2471 ···t⁸;
199 2412 323 2456 cuius
351 2411 527 2456 viduam
565 2426 736 2456 nomme
766 2412 938 2456 Bertam
967 2428 1045 2457 rex
1074 2412 1215 2471 Hugo,
1255 2412 1381 2469 Ama,
1410 2414 1492 2457 Lo·
1505 2414 1573 2480 {⁸¹⁷¹
1583 2455 1613 2479 Η
1650 2453 1683 2480 ¹³

39 2471 76 2530 Ἰ
97 2468 122 2479 ““
152 2469 264 2526 regis
295 2466 371 2510 filii
405 2468 473 2511 sui
513 2475 660 2522 matre,
696 2468 911 2524 defuncta,
949 2469 1131 2512 maritali
1169 2469 1252 2513 sibi
1289 2470 1491 2536 coniugio
1522 2461 1540 2480 ¹¹
1635 2452 1645 2486 (
1685 2452 1708 2488 )’

140 2532 187 2568 t.
246 2523 333 2568 Sed
369 2531 413 2568 et
449 2523 536 2567 filio
573 2538 649 2567 suo
706 2524 795 2583 regi
824 2524 1041 2581 Lothario‚
1084 2525 1255 2569 Rodulfi
1284 2533 1327 2569 et
1354 2526 1490 2584 ipsius

114 2601 117 2605 ·
139 2601 146 2607 ·
182 2588 324 2625 natam
352 2580 525 2624 nomine
547 2579 643 2624 Ade
660 2580 843 2638 egidam,
873 2596 972 2625 cum
991 2581 1129 2624 forma
1146 2581 1488 2631 honestissimam
1502 2596 1579 2624 neo.
1606 2597 1650 2623 ιε.

45 2680 58 2738 ’,-
89 2714 101 2719 ·=
131 2702 275 2730 recundi-
297 2703 325 2730 1.
406 2701 438 2735 b)
459 2701 685 2729 institutoribus
709 2703 736 2728 1.
819 2700 848 2736 c)
870 2703 971 2730 eordi-
995 2704 1023 2729 ι.
1047 2703 1076 2730 2.

44 2751 81 2816 ‘⁴¹
101 2795 212 2825 orent.
246 2789 359 2826 Andr.
384 2789 456 2833 111,
483 2791 504 2823 2
530 2801 564 2824 v.
592 2790 627 2824 6.
665 2790 697 2824 7.
809 2790 848 2834 2)
875 2789 931 2825 cf.
957 2790 1066 2835 Ἶσις.
1093 2790 1171 2826 Εοί.
1197 2791 1260 2834 lv,
1287 2791 1351 2824 81:
1386 2791 1493 2827 Matri

84 2858 90 2865 ι
136 2837 262 2874 decem
287 2838 443 2874 tulerunt
466 2838 613 2874 &otidis
637 2849 790 2874 menses.
899 2839 941 2883 8)
967 2839 1023 2874 De
1051 2839 1120 2881 die,
1147 2850 1217 2884 quo
1243 2845 1401 2875 mortuus
1426 2844 1492 2881 ont,

0 2870 7 2894 t
46 2905 77 2956 Ἰι
115 2905 121 2914 ·
152 2888 223 2934 pke
248 2887 322 2923 und
347 2887 544 2931 Dtimmler,
574 2888 659 2923 Otto
685 2888 749 2923 der
774 2888 905 2924 Oros-e
931 2899 967 2933 p.
996 2888 1066 2922 110
1091 2899 1126 2923 n.
1153 2889 1186 2924 3.
