1838 3210
418 233 722 268 LIUDPRANDI
748 232 980 268 LEGATIO.
1031 233 1138 267 5—7.
1464 234 1532 267 139

27 459 300 509 Adelbertus
346 457 671 502 contumeliosas
713 456 873 502 litteras
915 457 1109 500 Romano
1153 464 1196 500 et
1238 455 1532 514 Constantino,

30 516 339 561 decessoribus
358 515 443 559 tuis
476 512 804 572 imperatoribus
823 513 970 557 misit?
997 513 1150 556 Nonne
1170 514 1532 557 sanctissimorum

31 572 335 632 apostolorum
363 547 564 614 ecclesias
591 571 753 627 rapinis
781 569 1043 627 expoliavit?
1081 569 1189 624 Quis
1219 584 1275 612 ex
1303 570 1428 614 vobis
1457 571 1533 612 im-

42 627 325 689 peratoribus,
354 626 446 672 zelo
474 626 544 669 dei
569 626 734 681 ductus,
765 633 852 669 tam
877 626 1100 692 indignum
1128 625 1295 669 facinus
1314 626 1535 669 vindicare

32 691 88 730 et
113 691 303 728 sanctam
332 683 556 727 ecclesiam
585 683 631 725 in
659 690 816 726 statum
844 697 1066 740 proprmm
1091 681 1321 725 reformare
1341 682 1535 726 curavit?

23 740 305 799 {neglexistis
334 755 424 793 vos,
462 754 549 782 non
576 739 767 796 neglexit
804 738 1001 782 dominus
1039 753 1174 792 meus,
1246 739 1290 781 ui
1319 754 1346 781 a
1374 739 1533 782 finibus

31 804 182 843 terrae
210 811 388 854 surgens
408 796 675 853 Romamque
708 795 896 848 veniens,
925 795 1081 853 impios
1115 794 1212 838 abst
1259 796 1305 850 it,
1342 803 1386 838 et
1415 810 1535 839 sanc-

42 860 185 899 torum
222 868 248 895 a
280 851 511 896 ostolorum
548 852 718 894 vicariis
753 857 1007 908 potestatem
1045 858 1086 894 et
1122 849 1326 894 honorem
1365 866 1535 895 omnem

34 909 238 954 contradi
270 910 313 952 't.
370 907 649 951 Postmodum
678 922 780 951 vero
808 908 928 950 insur
958 913 1075 950 entes
1105 915 1254 951 contra
1283 923 1328 951 se
1357 915 1400 951 et
1415 907 1534 951 dom-

44 966 180 1011 numb
218 965 512 1023 apostolicum,
546 964 669 1022 quasi
704 964 931 1006 iurisiuran
965 964 974 973 '
1012 962 1253 1018 violatores,
1292 964 1534 1021 sacrilegos,

18 1026 23 1066 '1
39 1022 315 1074 dominorum
345 1035 519 1064 suorum
547 1019 877 1078 apostolicorum
912 1026 1106 1074 tortores,
1145 1026 1349 1077 raptores,
1387 1035 1536 1064 secun-

24 1077 148 1129 „dum
184 1078 356 1122 decreta
393 1078 694 1134 imperatorum
733 1076 1034 1130 Romanorum,
1074 1076 1312 1132 Iustiniani,
1350 1076 1536 1121 Valenti·

26 1159 37 1165 ι
57 1155 102 1172 ιι
126 1135 172 1189 ι’,
200 1133 432 1178 Theodosii
461 1140 503 1176 et
531 1139 806 1186 caeterorum,
845 1131 1010 1187 cecidit,
1048 1132 1271 1189 iugulavit,
1302 1133 1536 1190 suspendit,

54 1198 87 1235 -t
126 1190 253 1234 exilio
291 1189 515 1247 relegavit3
558 1203 669 1247 quae
712 1189 749 1231 si
791 1203 877 1231 non
918 1188 1088 1243 faceret,
1130 1189 1188 1231 im
1221 1190 1301 1244 ius,
1340 1189 1536 1244 iniustus,

12 1245 248 1301 crudelis,
284 1254 492 1304 tyrannus
528 1252 651 1290 esset.
718 1244 865 1287 Palam
905 1250 981 1300 est,
1019 1244 1134 1303 quod
1213 1246 1458 1302 erengarius
1496 1253 1539 1289 et

42 1317 71 1354 j.
88 1302 304 1347 delbertus
333 1303 400 1345 sui
429 1300 583 1345 milites
613 1301 766 1356 effecti,
796 1316 976 1359 regnum
996 1300 1192 1344 Italicum
1217 1310 1386 1360 sceptro
1406 1315 1538 1345 aureo

29 1371 87 1414 [μ’
129 1360 220 1403 eius
248 1373 378 1401 manu
415 1364 693 1416 susceperant
703 1366 731 1412 ¹,
776 1363 818 1401 et
845 1357 1115 1415 presentibus
1154 1359 1288 1402 servis
1326 1358 1424 1412 tuis,
1466 1359 1539 1416 qui

17 1425 27 1465 ²,
35 1418 159 1459 unc
187 1429 322 1473 usque
350 1422 579 1472 supersunt
606 1422 649 1458 et
676 1414 756 1457 hac
785 1413 830 1455 in
859 1414 1031 1457 civitate
1059 1413 1234 1480 degunt,
1265 1415 1539 1458 iureiurando

16 1474 37 1528 ᾗ,
60 1472 175 1516 ·dem
203 1472 501 1529 promiserunt.
559 1470 617 1514 Et
645 1471 758 1528 quia,
794 1485 875 1527 sug
906 1477 1047 1514 erente
1084 1470 1267 1525 diabolo,
1305 1470 1416 1514 hanc
1477 1485 1540 1514 er-

25 1527 130 1572 ande
157 1527 383 1581 violarunt,
412 1528 523 1570 iuste
551 1525 663 1581 illos,
730 1527 823 1568 uasi
891 1534 1099 1569 esertores
1140 1527 1308 1585 sibique
1346 1526 1447 1571 rebe
1465 1527 1539 1582 les,

36 1613 44 1627 2-
77 1604 113 1637 υ,
133 1598 177 1627 ιο
206 1584 412 1658 privavit;
443 1582 559 1641 quod
578 1584 639 1626 ita
658 1542 838 1627 subditis
857 1582 937 1626 tibi
958 1590 1000 1626 et
1018 1582 1291 1640 postmodum
1311 1583 1541 1627 rebellibus

118 1655 212 1685 eres
227 1672 237 1683 .

33 1734 35 1737 .
156 1697 198 1739 6.
242 1695 344 1740 ‘Sed
372 1698 482 1750 non',
511 1696 583 1748 ait,
614 1694 848 1739 ‘Adelberti
877 1694 958 1738 hoc
985 1694 1212 1761 profitetur
1240 1695 1372 1739 miles’
1383 1703 1411 1739 ².
1458 1695 1542 1739 Oui

37 1755 49 1803 “5
74 1767 242 1811 oquam:
277 1753 341 1796 ‘Si
369 1766 491 1795 secus
520 1750 690 1806 dixerit,
719 1765 910 1794 meorum
940 1750 1094 1809 aliquis
1119 1751 1315 1806 militum,
1347 1753 1384 1795 si
1403 1752 1540 1807 iubes,

51 1811 53 1813 ’
71 1824 155 1864 ras,
184 1810 245 1852 ita
273 1823 362 1875 rem
379 1822 498 1874 esse,
538 1807 679 1851 duello
714 1807 982 1874 declarabit...
1028 1808 1157 1874 Esto{‚
1193 1809 1343 1874 inquit,
1381 1808 1542 1883 :fecerit

36 1873 347 1988 ·’.ὀει;ᾱῗὲ«;ἷῖἕ’
368 1863 1541 1986 ἐξεωὲεεΞἻῗι,0ἓξρἑῗιξῖθωᾼᾘὶἢὶἰᾜὲοέ0ρῖἓὲ

76 1992 221 2035 ·mque
264 1976 424 2020 indisso
442 1976 618 2030 ubilem,
665 1977 825 2034 nuptiis
869 1978 1149 2034 interpositis,
1194 1976 1335 2021 facere
1379 1978 1540 2034 eogita-

26 2041 47 2075 t':
63 2048 216 2078 ·amus.

163 2091 202 2133 7.
244 2088 446 2143 Terram’,
474 2090 519 2132 in
551 2103 663 2143 uam,
695 2093 838 2146 ‘quam
858 2089 1023 2147 imperii
1056 2090 1116 2132 tui
1138 2103 1230 2132 esse
1251 2103 1411 2144 narras,
1435 2104 1541 2146 gens

28 2161 53 2202 ᾗ,
78 2145 190 2189 ·cola
219 2154 263 2189 et
298 2144 446 2203 lingua
480 2104 620 2188 Itfflici
655 2145 775 2202 regni
817 2160 909 2188 esse
946 2145 1146 2188 declarat.
1213 2145 1543 2203 Tenueruntque

24 2200 53 2258 {³⁸⁴3
96 2216 165 2245 am
205 2202 457 2260 potestative
494 2200 787 2259 Langobardi3
832 2216 959 2259 quam
997 2208 1039 2244 et
1074 2201 1333 2256 Lodovicus,
1375 2202 1543 2260 Lango-

28 2258 280 2304 .·ardorum
311 2273 389 2301 seu
419 2258 681 2301 Francorum
711 2261 953 2323 imperator,
985 2257 1037 2300 dc
1068 2272 1197 2301 manu
1219 2257 1543 2313 Saracenorum,

24 2314 320 2369 Ι,ιιιιιὶιίῐιιὰἰιιει
350 2322 573 2372 prostrata,
602 2313 797 2357 liberavit
809 2320 839 2355 ³.
899 2313 984 2357 Sed
1015 2320 1057 2357 et
1084 2313 1379 2371 Landulphus,
1410 2314 1544 2358 Bene-

32 2376 332 2414 entanorum
362 2379 403 2414 et
442 2369 744 2436 Captianorum
784 2370 994 2427 princeps,
1032 2371 1252 2437 septennio
1291 2372 1544 2427 potestative

25 2442 146 2484 „zme
176 2426 256 2470 sibi
286 2426 531 2483 subiugavit
543 2434 573 2468 ⁴.
630 2425 720 2469 Nec
750 2440 777 2468 a
806 2426 1020 2469 servitutis
1045 2442 1135 2470 ems
1156 2441 1230 2470 seu
1252 2441 1544 2470 successorum

27 2498 49 2550 ’ξι
71 2511 82 2546 )
105 2519 124 2539 ι
143 2515 174 2538 te
195 2511 223 2539 C.
245 2511 323 2539 adeo
343 2512 417 2539 coni.
441 2511 622 2538 machmit.
704 2511 735 2544 b)
756 2511 913 2539 domiuum
935 2512 964 2539 C.

33 2571 94 2619 ᾖ)
120 2577 223 2611 Anno
250 2575 321 2610 ⁹52
355 2576 538 2619 Augustae
573 2577 609 2610 in
643 2574 796 2609 coneilio
822 2576 929 2610 totius
956 2577 1069 2619 regni.
1170 2576 1210 2619 2)
1237 2576 1294 2610 De
1320 2586 1390 2621 quo
1419 2576 1465 2610 cf.
1492 2577 1545 2609 in—

46 2639 70 2654 ·
134 2636 165 2660 c.
184 2626 244 2660 29.
319 2623 359 2668 3)
386 2626 492 2659 Bario
528 2625 675 2659 civitate
701 2634 732 2658 a.
760 2624 828 2657 871
859 2628 1074 2670 expugnata,
1100 2634 1205 2669 quem
1233 2625 1362 2659 Graeci
1389 2625 1545 2660 Decem-

50 2690 70 2706 ιι
142 2684 264 2709 mense
299 2684 331 2708 a.
365 2674 435 2707 876
469 2677 747 2719 occupaverunt.
846 2671 886 2717 4)
908 2673 1071 2708 Eundem
1101 2673 1317 2708 Landolfum
1348 2674 1547 2719 principem

46 2740 95 2770 4ιιι
130 2724 338 2758 ·tissimum
368 2722 599 2768 (912—943)
628 2726 786 2768 spectat,
821 2724 881 2767 qui
909 2722 1108 2757 Saracenos
1139 2733 1162 2756 a
1193 2723 1376 2757 Gan-iliano
1412 2722 1549 2767 expulit

32 2771 119 2808 cf.
147 2773 278 2818 Antap.
306 2771 343 2805 11
370 2782 403 2807 c.
429 2773 487 2806 51.
516 2773 572 2806 ⁶2.
600 2771 650 2806 1v
677 2781 709 2805 c.
731 2771 782 2815 8).
821 2771 916 2805 Huic
943 2782 965 2805 a
991 2771 1122 2806 Cosma
1148 2773 1311 2816 patricio,
1338 2773 1497 2806 Romano
1518 2771 1546 2804 1.

47 2824 60 2854 ,1
83 2826 267 2867 ιιροηιιω,
292 2826 332 2855 ιιι
356 2821 402 2855 ed
429 2822 685 2856 subiectionem
713 2820 856 2862 rediret,
882 2831 1089 2865 persuasum
1117 2831 1195 2854 esse
1223 2825 1343 2854 narrat
1371 2821 1548 2864 Georgius

35 2875 50 2895 -’
90 2869 242 2904 edrenus
267 2868 541 2914 (Historiu.11‚
569 2869 670 2913 ³55).
707 2869 858 2903 Cosmee
886 2869 1149 2915 expeditionem
1179 2869 1342 2903 Italicam
1371 2869 1546 2903 Constan-

33 2929 153 2956 ,ιιι
179 2919 502 2965 Porphyrogenttu·
528 2930 620 2954 anno
647 2919 718 2951 984
745 2919 866 2952 tribuit
892 2919 964 2962 (De
993 2920 1114 2953 cerim.
1141 2918 1246 2952 atilae
1273 2919 1358 2962 Byz.
1387 2919 1422 2952 11
1451 2930 1481 2952 c.
1502 2918 1547 2951 ⁴4

50 2979 93 3015 ⁴3·.
121 2970 203 3011 660,
230 2970 275 3004 cf.
303 2969 347 3004 de
373 2970 467 3004 adm.
492 2970 577 3014 imp.
606 2981 636 3003 c.
665 2968 808 3001 51—52
835 2979 869 3012 p.
899 2967 999 3010 243).

31 348 210 398 ‚u'orum
239 361 446 405 paparum
473 345 545 388 alii
574 351 674 388 sunt
699 345 889 412 relegati,
919 345 991 388 alii
1019 343 1147 387 adeoa
1170 344 1316 411 aflicti,
1346 352 1532 403 utneque
1546 355 1615 382 ses.

42 404 278 451 cotidianos
307 407 502 460 sumptus
530 416 610 445 nec
639 400 913 444 elemosmam
948 401 1103 445 habere
1140 401 1340 459 quirent?
1381 401 1533 445 Nonne
1548 394 1618 422 ¹⁰¹¹·
1641 396 1668 422 ⁷·

1556 1883 1565 1893 '
1577 1888 1700 1913 terrun.
