1838 3210
182 850 192 861 ·
204 860 234 885 p.
250 854 320 879 28⁷.

256 958 321 985 900.

181 997 272 1025 Febr.
294 999 324 1025 4.

127 2464 138 2476 ⁸
155 2465 313 2494 articulus.

340 264 384 297 ‘28
559 264 862 298 LIUDPRANDI
888 262 1235 298 ANTAPODOSIS.
1284 262 1378 297 Lm.
1406 263 1454 297 11.
1509 263 1612 298 1-8.

396 377 461 419 70.
506 376 573 418 De
606 376 725 418 sciffo
755 390 882 417 aureo
913 389 938 416 a
966 390 1066 429 rege
1096 374 1338 418 Flamberto
1367 374 1534 418 tradito.

396 432 462 474 71.
508 431 633 485 Quod
654 430 884 474 Flamberti
905 427 1079 472 consilio
1096 430 1379 487 Berengarius
1398 445 1476 473 rex
1497 430 1552 473 sit
1563 429 1697 474 interf

395 488 461 530 72.
505 487 574 530 De
601 488 713 543 regis
744 487 948 544 sanguine
977 501 1111 543 usque
1139 486 1184 528 in
1212 501 1385 544 presens
1414 495 1582 545 tempus
1609 487 1655 529 in
1682 485 1799 544 lapid

397 599 461 642 73.
536 551 923 641 Offililgileemilite
957 599 1030 655 qui
1068 613 1212 655 regem
1242 598 1550 656 Berengarium
1578 597 1682 642 vmd‘
1682 597 1793 641 icavi

506 662 547 698 et
575 662 673 711 post
700 654 887 697 triduum
918 654 1008 697 eius
1038 654 1326 697 interfectores
1356 654 1589 711 suspendit.

674 844 923 888 ‘INCIPIT
951 844 1128 887 LIBER
1156 843 1488 888 SECUNDUS.

451 949 488 991 1.
546 949 777 1006 Postquam
817 948 958 991 vitalis
995 947 1110 990 calor
1137 947 1305 991 Arnulfi
1334 949 1448 1006 regis
1486 948 1679 992 membra
1705 925 1838 1009 desess}

335 1019 445 1059 rens,
475 1004 658 1048 reddidit
688 1019 842 1062 corpus
872 1005 1081 1058 exanime,
1120 1019 1223 1047 suus
1252 1005 1388 1062 ipsius
1417 1003 1530 1047 filius
1557 1002 1773 1048 Hulodoic
1827 1007 1836 1024 ³

335 1076 413 1103 rex
450 1061 589 1103 cuntis
624 1076 651 1103 a
685 1059 855 1118 populis
899 1060 1128 1103 ordinatur.
1196 1060 1323 1103 Tanti
1361 1060 1545 1118 denique
1584 1074 1709 1103 casus
1774 1061 1785 1071 ‘

334 1117 497 1159 vicinos
517 1117 775 1174 Hungarios,
807 1118 918 1160 sicut
946 1131 1023 1159 nec
1042 1118 1086 1158 in
1106 1123 1195 1160 toto
1217 1116 1320 1159 orbe
1339 1116 1556 1174 degentes,
1584 1115 1715 1160 latere
1737 1127 1838 1172 nont

333 1173 483 1229 potuit.
544 1173 766 1230 Siquidem
794 1172 894 1215 loeti
925 1173 1014 1215 dies
1044 1173 1135 1215 eius
1165 1173 1216 1215 iis
1245 1173 1326 1216 fuit
1360 1173 1475 1215 omni
1503 1172 1732 1216 festivitate
1760 1173 1830 1217 iu-,i

335 1227 526 1284 cundior,
556 1230 673 1285 gazis
703 1229 900 1271 omnibus
929 1230 1196 1285 prestantior.
1255 1229 1371 1282 Quid
1399 1227 1559 1285 igitur?
1827 1233 1830 1250 ²

447 1285 486 1327 2.
544 1285 687 1327 Primo
717 1299 903 1342 namque
932 1286 1080 1327 mortis
1108 1284 1236 1326 huius
1265 1285 1470 1342 gnatique
1500 1285 1569 1327 sui
1597 1283 1838 1343 ordinatio-'3

334 1340 401 1382 nis
430 1354 554 1395 anno,
584 1356 816 1398 permagno
846 1340 1021 1384 collecto
1050 1341 1254 1394 exercittl,
1283 1341 1614 1384 Maravanorum
1671 1347 1766 1383 ente
1837 1347 1838 1350 ’

337 1410 467 1453 quam
500 1397 669 1440 virtutis
710 1411 858 1439 eorum
897 1396 1168 1439 amminiculo
1205 1411 1282 1438 rex
1316 1395 1524 1439 Arnulfus
1561 1394 1643 1439 sub
1676 1395 1829 1452 'dex-at,

337 1452 419 1494 smi
448 1453 695 1507 vendicant3
724 1453 1030 1509 Bagoariorum
1060 1453 1187 1495 etiam
1215 1452 1321 1496 fines
1342 1459 1574 1510 occupant3
1603 1458 1745 1495 castra
1762 1451 1826 1495 di-

335 1515 477 1563 ruunt,
498 1507 672 1552 eclesias
691 1510 790 1565 igne
819 1516 1084 1562 consumunt,
1114 1507 1295 1565 populos
1324 1508 1531 1566 iugulant,
1558 1514 1602 1552 et
1619 1515 1668 1551 ut
1685 1509 1825 1566 magis

336 1565 560 1622 magisque
589 1566 827 1620 timeantur,
857 1564 1175 1608 interfectorum
1204 1579 1296 1607 sese
1317 1565 1533 1622 'sanguine
1559 1570 1711 1622 potant
1721 1572 1751 1607 ¹.

446 1621 484 1663 3.
543 1620 807 1663 Hulodoicus
842 1621 986 1678 itaque
1022 1636 1121 1675 rex,
1158 1621 1298 1677 gentis
1336 1636 1411 1664 sue
1450 1619 1828 1678 depopulationem

332 1675 543 1734 huiusque
578 1676 828 1733 intellegens
866 1677 1177 1731 crudelitatem,
1217 1691 1394 1719 suorum
1431 1677 1623 1720 omnium
1657 1676 1823 1720 animos

331 1730 411 1774 hac
441 1731 664 1775 formidine
693 1732 941 1787 inflammat,
971 1740 1019 1776 ut
1047 1734 1083 1775 si
1104 1748 1361 1790 quemquam
1380 1732 1492 1776 bello
1512 1731 1663 1776 eodem
1706 1730 1824 1790 quod

333 1801 431 1830 cum
459 1788 511 1830 iis
531 1795 703 1831 aeturus
723 1796 846 1844 esset,
877 1789 1024 1832 deesse
1045 1789 1320 1845 contingeret,
1348 1789 1500 1846 laqueo
1519 1765 1677 1846 procus
1689 1787 1824 1832 dubio

330 1843 463 1886 vitam
498 1843 638 1887 finiret
650 1853 678 1887 ².
735 1844 1063 1888 Innumerabilis
1102 1845 1285 1902 denique
1324 1844 1397 1887 illa
1432 1845 1601 1902 gentis·
1694 1845 1823 1888 ssime

331 1899 557 1942 multitudo
597 1901 730 1966 copiis
766 1901 893 1944 huius
929 1902 1128 1943 maximis
1167 1901 1336 1944 obviam
1371 1915 1603 1958 properare
1655 1900 1821 1944 estinat.

329 1954 423 1998 Nec
451 1956 598 1998 videas
628 1957 838 2000 S1tientem
867 1958 1052 1999 animam
1080 1957 1296 1999 ardentius
1324 1956 1523 2000 haustum
1551 1955 1690 2000 laticis
1716 1955 1821 2014 geli-

330 2011 424 2066 dae,
483 2026 582 2054 uam
601 2011 724 2069 prelii
743 2013 856 2056 diem
875 2019 1046 2070 gentem
1065 2013 1174 2056 hanc
1195 2011 1411 2055 crudelem
1429 2019 1651 2070 appetere,
1678 2026 1822 2070 neque

331 2067 446 2110 enim
505 2081 584 2110 ano
613 2068 730 2111 aliud
759 2083 888 2134 quam
918 2069 1143 2112 dimicasse
1172 2070 1302 2111 iuvat.
1354 2069 1415 2112 Ut
1441 2074 1586 2111 autem
1613 2083 1670 2111 ex
1694 2066 1819 2124 libro,

331 2124 406 2180 qui
433 2122 486 2166 de
515 2124 678 2179 origine
705 2124 831 2167 hmus
860 2123 1107 2168 inscribitur
1118 2132 1147 2180 ⁸,
1178 2124 1322 2179 didici,
1351 2125 1504 2167 horum
1530 2130 1688 2168 matres
1714 2138 1786 2167 mo

329 2179 472 2236 pueris
500 2179 625 2222 editis
646 2180 767 2223 ‘ferro
787 2181 1062 2223 acutissimob
1084 2180 1238 2223 faeiem
1257 2187 1415 2234 secant,
1443 2179 1607 2223 scilicet
1623 2186 1685 2235 ut,
1703 2193 1761 2223 an
1803 2227 1811 2238 ,-

331 2250 461 2292 quam
501 2234 624 2278 lactis
674 2237 932 2280 nutrimenta
973 2237 1229 2293 percipiant,
1282 2235 1506 2279 vulnerum
1549 2234 1713 2279 toleran
1731 2236 1743 2246 “
1796 2238 1803 2240 ’

331 2289 475 2333 subire
505 2295 734 2356 cogantur'.
791 2293 909 2335 Dant
935 2293 1035 2335 huie
1070 2292 1293 2335 assertioni
1327 2291 1459 2335 fidem
1490 2291 1669 2335 vulnera
1736 2305 1820 2336 uae

328 2361 406 2412 pro
455 2345 734 2390 defitlentium
784 2347 926 2391 dolore
968 2349 1284 2406 propinquumc
1326 2348 1523 2391 vivorum
1566 2362 1735 2406 corpori

327 2402 590 2460 infliguntur.
659 2403 1032 2461 sanguinemqued
1068 2411 1196 2462 prout
1238 2402 1367 2447 ἄθεοι
1407 2405 1477 2447 καὶ
1514 2403 1684 2459 ἀσεβοῖς
1723 2418 1809 2456 αντ,

327 2461 442 2502 ww*-
462 2461 665 2517 δακρειων
694 2459 806 2503 athei
834 2460 890 2503 ke
918 2462 1058 2502 asevis
1085 2467 1181 2503 ante
1218 2468 1291 2503 ton
1328 2460 1519 2515 dacrion,
1557 2459 1603 2503 id
1630 2467 1696 2504 est
1723 2459 1816 2504 sine

329 2597 360 2629 a)
381 2599 424 2624 hic
445 2599 598 2631 quaternio
625 2599 724 2624 cncidit
745 2600 777 2625 in
799 2600 825 2626 2.
849 2606 938 2632 usque
958 2607 1023 2632 cap.
1047 2600 1094 2627 34.
1116 2601 1156 2627 ιἠ.
1263 2598 1295 2632 b)
1318 2600 1513 2626 secutissimo
1535 2600 1562 2626 1.
1663 2597 1692 2632 e)
1713 2605 1791 2632 prop

329 2644 423 2670 quum
445 2639 473 2664 1.
581 2637 612 2671 d)
634 2638 792 2670 Sanguine
813 2641 914 2671 nsque
936 2640 963 2666 1.
985 2639 1097 2665 duabus
1116 2639 1207 2672 lineis,
1226 2640 1325 2671 priori
1345 2639 1480 2666 vocabulo
1500 2639 1581 2664 ulem
1600 2638 1726 2671 'patiu-
1740 2645 1814 2671 pro·

327 2677 420 2708 ducto,
451 2677 492 2702 ita
520 2680 552 2702 ut
572 2677 666 2703 scriba
694 2681 783 2703 totam
809 2685 901 2704 vocem
930 2679 960 2703 in
983 2679 1081 2711 prima
1108 2679 1183 2704 linea
1210 2679 1330 2705 scribere
1361 2685 1521 2711 ayqreum,
1548 2678 1644 2711 aposto

327 2715 443 2744 ultimae
462 2715 587 2749 syllabas
607 2716 697 2743 lineae
718 2718 846 2750 sequenti
866 2718 1003 2744 intulerit.

330 2820 367 2866 1)
394 2822 450 2856 cf.
481 2823 657 2866 Reginon.
694 2824 815 2857 chron.
851 2823 939 2856 889:
980 2824 1143 2858 carnibus
1177 2823 1363 2868 siquidem,
1396 2827 1436 2857 ut
1467 2824 1563 2857 fama
1593 2826 1659 2864 est,
1690 2832 1754 2856 eru
1779 2821 1790 2832 ⁸

325 2875 558 2954 Esstifflffirc
584 2871 667 2953 242)
694 2872 748 2906 Cf.
774 2872 865 2906 infra
892 2883 922 2906 c.
950 2874 1008 2907 25.
1109 2872 1146 2917 3)
1173 2873 1336 2907 Iordanis
1364 2872 1408 2906 de
1433 2873 1571 2916 origine
1597 2871 1763 2915 nauhu-q
