1838 3210
247 351 311 376 309.

260 576 312 611 (Φ)

162 1571 244 1606 Sept.
266 1573 312 1601 24.

328 228 372 259 34
520 224 819 259 LIUDPRANDI
847 223 1193 259 ANTAPODOSIS.
1245 224 1416 258 L113.11.
1472 225 1626 260 14-15.

327 336 566 379 huiusmodi
596 335 719 391 apolo
735 335 835 376 riam
865 339 1126 388 (ιπολογειαν,
1156 333 1200 377 id
1220 342 1284 378 est
1310 334 1643 392 responsionem,
1671 337 1815 382 remit-

326 399 438 435 tunt:
483 392 542 434 ‘Si
572 398 717 434 contra
749 391 851 432 itum
882 390 1016 444 nobis,
1061 390 1281 446 presertim
1310 405 1337 432 a
1365 391 1612 435 contraditis
1641 393 1833 472 iamquq‘

327 448 501 491 canibus
554 447 750 499 mortuis,
799 460 951 487 munus
1000 446 1305 502 reciperemus,
1354 446 1590 505 foedusque
1637 447 1814 508 aliquod

327 505 538 557 iniremus,
569 503 736 544 insanos
766 516 815 543 ca
847 502 902 544 ite
930 515 1015 543 non
1044 516 1172 544 sanus
1201 502 1358 545 iuraret
1387 501 1560 547 Orestes
1571 504 1623 547 l'l

443 560 505 601 14.
550 558 643 599 Hac
674 557 803 622 igitur
867 557 1060 613 ungarii=
1081 556 1289 613 legatione
1309 557 1536 616 desperati,
1556 557 1746 603 collectis
1765 560 1813 604 in

329 629 458 657 unum
488 612 738 666 fortissimis,
768 611 839 655 tali
870 627 963 655 sese
993 620 1140 655 mutuo
1170 628 1364 656 sermone
1393 613 1600 659 solantur:
1631 614 1692 660 ‘Si
1714 614 1796 659 hac

358 685 436 712 uae
465 669 813 725 inpresentiarum
845 669 1040 722 cernitur,
1085 668 1180 711 luce
1216 669 1395 726 perdita,
1432 669 1563 714 nichil
1597 679 1662 715 est
1697 646 1813 729 quod

328 686 511 768 {isterius
556 724 766 781 proveniri
810 724 943 780 possit
986 723 1246 779 hominibus,
1297 732 1340 768 et
1382 727 1482 783 quia
1530 725 1651 770 locus
1691 728 1829 793 preci-

328 780 478 834 nullus,
508 779 696 836 fugiendi
725 794 823 836 spes
854 780 989 822 omnis
1009 778 1162 834 ablata,
1193 779 1300 823 colla
1325 782 1587 827 summittere
1606 797 1715 826 mori
1734 789 1813 839 est,

329 836 432 894 quid
461 835 692 878 verendum
723 834 844 877 nobis
874 843 950 888 est,
994 834 1076 878 tela
1104 836 1213 878 inter
1241 838 1336 893 ipsa
1364 852 1501 894 ruere,
1538 845 1674 882 morte
1701 851 1838 889 mor·-¹¹

329 901 413 936 tem
434 891 616 933 inferre?
645 891 862 947 Numquid
892 906 976 933 non
1006 891 1209 946 fortunae,
1240 900 1282 935 et
1301 907 1387 936 non
1404 893 1669 938 inbecillitati
1687 908 1814 939 casus
1837 905 1838 946 ξ

328 947 591 1004 deputandus
622 953 684 989 est
711 946 885 989 noster?
930 946 1117 989 Viriliter
1144 949 1257 990 enim
1270 950 1517 1046 ‘pugnando
1546 948 1814 1006 occumbere,
1837 960 1838 985 i

328 1018 412 1045 non
461 1010 523 1045 est
571 1003 699 1052 mori,
749 1001 823 1044 sed
871 1003 1025 1045 vivere.
1098 1003 1223 1045 Hanc
1287 1019 1428 1048 amam
1476 1012 1652 1062 tantam,
1701 988 1838 1049 hanel

329 1060 612 1114 κλιρονομείαν
649 1058 936 1111 clironomian,
972 1058 1016 1100 id
1052 1067 1116 1102 est
1151 1059 1439 1116 hereditatem,
1476 1068 1524 1105 ut
1557 1077 1585 1105 a
1618 1060 1817 1120 patribus

328 1115 480 1157 nostris
528 1114 788 1170 accepimus,
845 1114 997 1156 nostris
1053 1115 1180 1157 etiam
1237 1115 1525 1174 relinquamus
1570 1116 1813 1162 heredibus.

327 1170 461 1214 Nobis
490 1169 706 1224 debemus,
736 1169 858 1211 nobis
889 1168 1035 1212 saltem
1074 1171 1245 1214 credere
1285 1174 1474 1230 expertis
1487 1181 1516 1229 ²,
1561 1174 1636 1233 qui
1670 1175 1812 1241 copia-

327 1241 421 1268 rum
458 1226 668 1281 paucitate
705 1239 1009 1282 nonnunquam
1044 1226 1250 1282 plurimos
1289 1229 1530 1273 stravimus.
1594 1229 1812 1280 Invalidae

327 1280 463 1338 plebis
494 1295 593 1323 sane
628 1282 901 1337 congregatio
937 1280 1118 1337 plurima
1155 1282 1210 1325 ad
1248 1283 1395 1328 eedem
1434 1293 1499 1329 est
1535 1291 1700 1330 tantum
1738 1300 1815 1330 ex<

327 1338 476 1394 posita.
536 1335 622 1379 Sed
659 1342 700 1379 et
728 1336 843 1378 Mars
872 1337 1116 1393 fugentem³
1153 1341 1402 1397 saepissime
1435 1341 1649 1399 perhimit,
1689 1341 1826 1386 dimi?

327 1398 491 1435 cantem
521 1391 682 1434 fortiter
708 1393 905 1448 protegit.
964 1393 1022 1434 Hi
1059 1394 1171 1437 enim
1209 1396 1282 1452 qui
1321 1395 1445 1440 nobis
1474 1397 1825 1465 supplicantibus*

326 1463 412 1490 non
459 1448 726 1501 miserentur,
772 1449 987 1504 ignorant,
1036 1465 1173 1507 neque
1222 1458 1362 1496 mente
1404 1454 1664 1520 percipiunt,
1711 1453 1823 1530 qtss*

327 1504 495 1546 vincere
525 1503 696 1559 quidem
729 1503 890 1546 bonum
930 1511 1005 1559 est,
1045 1507 1344 1563 supervincere
1373 1511 1501 1552 mmis
1529 1509 1824 1555 mvidiosum:

442 1560 504 1602 15.
550 1559 643 1601 Hac
663 1560 807 1615 itaque
827 1561 1149 1605 exhortationeb
1177 1569 1408 1622 utcumque
1436 1565 1602 1610 animos
1619 1565 1818 1622 recreati,

326 1621 411 1658 tres
439 1616 483 1657 in
511 1622 650 1671 partes
679 1615 854 1658 insidias
883 1624 1060 1672 ponunt,
1091 1625 1207 1661 recta
1235 1620 1317 1676 ipsi
1346 1619 1525 1664 fluvium
1553 1621 1815 1669 transeundo

326 1670 467 1713 hostes
498 1670 541 1711 in
570 1670 730 1713 medios
759 1679 899 1714 ruunt.
959 1672 1296 1718 Christianorum
1337 1679 1450 1720 enim
1484 1677 1657 1735 plurimi
1684 1677 1700 1721 l

327 1733 499 1783 propter
527 1726 805 1769 internuntios
834 1730 1129 1784 expectatione
1156 1731 1335 1788 fatigati,
1396 1748 1443 1776 er
1470 1739 1622 1789 castra,
1650 1740 1700 1778 ut

327 1788 627 1836 recrearentur,
673 1782 997 1838 descenderant3
1042 1800 1148 1843 quos
1188 1793 1306 1830 tanta
1390 1789 1559 1856 ungarii
1597 1788 1813 1834 eeleritate

328 1836 611 1891 confoderant,
641 1845 687 1880 ut
715 1839 759 1880 in
788 1838 888 1894 gula
917 1840 1060 1882 eibum
1088 1843 1234 1885 transfi
1268 1852 1387 1888 erent
1413 1844 1520 1900 aliis,
1580 1844 1818 1890 uibusdamr

327 1893 447 1949 equis
475 1893 619 1949 fugam
647 1901 854 1950 negarent
881 1894 1044 1950 ablatis,
1074 1912 1210 1955 eoque
1239 1900 1248 1909 ‘
1282 1913 1329 1943 os
1348 1900 1482 1945 levius
1499 1860 1823 1959 pei-himebmts.

327 1962 410 2004 quo
440 1948 529 1990 sine
559 1949 676 2005 equis
713 1964 784 1992 eos
820 1966 911 1993 esse
941 1961 1263 2009 conspexerant.
1333 1955 1404 2000 Ad
1432 1963 1710 2014 augmentum
1739 1957 1813 2001 de*

325 2003 454 2059 nique
493 2005 738 2069 perditionis
779 2006 1106 2059 christianorum
1145 2024 1230 2053 non
1273 2026 1410 2069 parva
1450 2013 1561 2057 inter
1603 2027 1678 2058 eos
1719 2017 1815 2057 erat

326 2058 550 2101 discordia.
615 2060 816 2103 Nonnulli
865 2061 989 2119 plane
1031 2064 1267 2122 Hungariis
1310 2083 1397 2111 non
1438 2068 1576 2112 solum
1618 2083 1821 2129 pugnauit

326 2128 410 2156 non
438 2115 684 2170 inferebant,
716 2117 790 2159 sed
825 2125 872 2160 ut
908 2120 1095 2175 proximi
1133 2122 1332 2167 caderent
1366 2123 1639 2180 anhelabant3
1681 2131 1755 2191 atq
1804 2128 1818 2146 ¹

326 2169 378 2211 ad
409 2170 489 2212 hoc
517 2172 704 2227 perversi
732 2173 815 2228 ipsi
835 2188 1035 2230 perverse
1058 2176 1256 2233 fecerant,
1288 2181 1484 2236 quatinus
1502 2179 1605 2223 dum
1623 2187 1718 2239 pro'
1786 2231 1788 2234 ,

327 2224 536 2280 caderent,
567 2227 645 2269 soli
674 2229 755 2284 ipsi
785 2230 908 2285 quasi
936 2230 1109 2274 liberius
1138 2241 1376 2290 regnarent.
1434 2237 1521 2290 Qui
1540 2236 1643 2280 dum
1666 2236 1807 2295 proxi.

327 2294 492 2322 morum
521 2284 843 2327 necessitatibus
873 2286 1099 2331 subvenire
1133 2304 1186 2332 ne
1218 2289 1364 2347 legunt
1398 2305 1632 2350 eorumque
1659 2307 1689 2335 n
1802 2294 1809 2341 ζ

327 2334 518 2391 diligunt,
549 2338 630 2393 ipsi
659 2341 873 2404 propriam
903 2342 1135 2387 incurrunt.
1260 2347 1384 2402 giunt
1411 2348 1556 2406 itaque
1579 2348 1822 2408 christiani,

327 2392 576 2448 seviuntque
606 2408 774 2450 pagani,
805 2404 846 2438 et
875 2398 946 2452 qui
976 2399 1095 2454 prius
1125 2401 1366 2458 supplicare
1393 2404 1641 2448 muneribus
1662 2405 1821 2462 nequi&

326 2444 441 2499 bant,
470 2447 807 2504 supplicantibus
837 2453 1109 2508 postmodum
1137 2467 1339 2512 parcere⁰
1367 2459 1626 2504 nesciebant.
1673 2460 1817 2505 Inter·.

326 2500 447 2543 fectis
476 2501 658 2559 denique
686 2504 926 2564 fugatisque
964 2508 1217 2567 christianis,
1260 2516 1402 2557 omnia
1438 2515 1651 2573 Hungarii
1687 2514 1820 2574 regnis

326 2554 422 2598 loca
450 2558 674 2601 saeviendo
704 2570 966 2616 percurrunt.
1024 2565 1173 2623 Neque
1211 2577 1313 2624 erat,
1350 2571 1424 2628 qui
1463 2585 1610 2614 eorum
1637 2573 1821 2635 presen{>

327 2693 357 2726 a)
369 2694 490 2727 ungarii
505 2697 530 2721 1.
571 2695 603 2729 b)
615 2697 814 2727 exhor-atione
827 2703 853 2727 1.
867 2701 1077 2731 exhortatione
1086 2713 1162 2734 corr.
1174 2714 1236 2734 cum
1252 2708 1412 2736 miratorio
1423 2709 1462 2742 <f-
1472 2717 1495 2738 e.
1508 2709 1557 2739 2¹1.
1596 2708 1625 2743 e)
1637 2715 1765 2743 pascere
1806 2711 1807 2714 ’
1820 2734 1821 2737 ,

330 2817 365 2856 1)
390 2816 487 2850 Pers.
514 2817 588 2850 Sat.
614 2815 684 2857 ΙΙΙ,
712 2817 792 2850 118.
894 2820 930 2860 2)
957 2820 1011 2855 Cf.
1038 2822 1143 2857 Ovid.
1169 2826 1266 2862 Fast.
1290 2828 1332 2867 V,
1353 2828 1439 2860 674:
1465 2827 1504 2862 Si
1529 2829 1629 2863 iuvat
1653 2838 1721 2873 exp
1778 2829 1790 2838 ⁸

328 2864 484 2900 credere:
583 2861 623 2907 3)
648 2866 672 2898 i.
698 2875 729 2899 e.
755 2865 961 2910 fugientem.
