1838 3210
342 247 388 281 52
539 242 837 278 LIUDPRANDI
863 238 1207 275 ANTAPODOSIS.
1258 237 1353 271 LIB.
1380 237 1428 271 11.
1482 237 1638 271 'zo—⁴13.

279 364 325 390 ⁹⁴·
455 358 520 400 70.
565 356 645 398 His
674 353 866 411 expleti5‚
896 366 1071 394 aureum
1102 365 1186 392 non
1223 349 1342 407 parvi
1380 348 1581 406 ponderis
1622 346 1838 406 poculum--

341 429 416 457 rex
457 413 495 455 ei
534 411 739 469 porrexit,
781 416 908 465 atque
949 406 1188 449 subiunxit:
1246 405 1430 447 ‘Amoris
1469 403 1703 462 salutisque
1738 402 1827 447 mei

342 483 472 512 causa
500 467 612 525 quod
642 466 891 517 continetur,
921 462 1105 515 bibito¹¹3
1137 460 1252 519 quod
1273 461 1471 514 continet,
1500 458 1681 504 habeto’.
1710 458 1838 514 Vero·

372 526 415 567 ui
448 539 500 581 pe
539 531 580 566 ct
615 522 775 578 absque
804 519 1077 575 ambiguitate
1118 526 1213 574 post
1241 524 1389 574 potum
1417 516 1607 559 introivit
1634 516 1679 559 in
1705 514 1829 560 illum

342 540 571 631 datianam
604 575 960 643 quemadmodum
989 582 1031 617 et
1060 573 1112 615 de
1133 573 1240 615 Iuda
1299 572 1484 615 roditore
1502 570 1665 616 domini
1691 571 1828 616 nostri

130 647 194 675 10¹1-
218 647 264 682 ¹³,
282 647 326 674 ⁹⁷-
342 638 436 679 Iesu
469 634 624 678 Christi
653 634 856 689 seriptum
886 637 969 674 est:
999 630 1126 683 ‘Quia
1153 635 1251 686 post
1268 588 1479 672 iiucellam
1507 634 1610 672 tunc
1635 627 1830 673 introivit

342 693 386 734 in
415 690 533 733 illum
563 689 796 732 Sathanas’.

454 760 519 800 71.
564 756 767 799 Beneficii
811 755 969 819 quippe
1013 753 1201 810 preteriti
1246 759 1288 795 et
1336 753 1545 810 presentis
1588 752 1831 808 immemor,

341 816 577 858 insomnem
616 812 728 854 illam
765 813 876 868 regis
916 825 959 851 m
988 823 1136 851 necem
1174 807 1356 865 populos
1385 808 1626 866 instigando
1653 806 1834 866 pertulit

196 885 206 896 ·
218 894 247 921 p·
261 888 327 914 80¹.
342 878 520 913 noctem.
578 869 670 911 Rex
690 874 812 910 nocte
833 866 916 920 illa,
946 863 1303 922 quemadmodum
1323 872 1365 907 et
1383 863 1532 908 solitus
1551 871 1653 919 erat,
1681 864 1830 908 *iuxta

342 925 580 978 aeclesiam,
610 939 695 966 non
723 924 766 964 in
796 922 922 965 domo
954 935 1063 978 quae
1102 920 1271 963 defendi
1305 927 1472 990 posset,
1508 921 1584 964 sed
1622 921 1669 963 in
1702 925 1831 978 tuguy

342 981 444 1024 riolo
476 980 659 1038 quodam
690 979 888 1021 manebat
915 977 1224 1020 amoenissimo.
1284 975 1371 1019 ‚Sed
1399 984 1442 1020 et
1470 976 1666 1020 custodes
1701 982 1838 1020 noeto-

342 1038 490 1081 cadem
519 1051 602 1078 non
631 1043 842 1091 posuerat,
872 1032 1002 1075 nichil
1031 1033 1252 1090 suspicans
1282 1033 1411 1075 etiam
1439 1031 1553 1075 mali.

255 1108 326 1142 (20.)
398 1094 452 1135 Se
468 1093 663 1190 lprimum
694 1091 886 1148 quatiens
912 1090 1063 1146 strepit
1101 1102 1137 1129 20
1159 1088 1254 1130 Hoc
1285 1088 1390 1146 quid
1417 1089 1555 1132 visere
1597 1089 1670 1143 sit3
1708 1087 1830 1133 videt

398 1148 465 1191 Ga
499 1163 560 1202 us,
591 1162 688 1189 eum
717 1146 865 1203 vigiles
895 1146 997 1188 facit
1156 1146 1354 1187 Armatas
1383 1143 1568 1188 militum
1597 1158 1762 1187 manus.

397 1203 609 1257 Mortales»,
639 1202 760 1245 solito
791 1209 911 1244 sonat
1155 1199 1448 1243 Flambertum
1475 1206 1603 1244 vocat
1628 1199 1833 1256 eminus„

396 1260 454 1302 Et
481 1259 647 1317 pulsata
675 1258 753 1300 deo
785 1259 897 1300 canit
1157 1256 1287 1309 ‘Quid
1299 1256 1422 1299 turbe
1437 1259 1525 1311 est',
1542 1257 1616 1311 ait,
1635 1260 1704 1299 ‘en
1715 1255 1838 1301 bone·

362 1330 378 1356 5
399 1316 490 1357 Iam
519 1323 620 1357 tunc
649 1329 780 1356 aenea
808 1312 1015 1366 machina,
1157 1311 1261 1354 Vir?
1277 1311 1698 1370 quidnunepopulus
1708 1326 1764 1355 cu
1794 1313 1838 1357 it:

396 1372 637 1427 Invitatque
666 1370 821 1412 docens
850 1369 958 1412 bene
1102 1382 1138 1407 2⁵
1158 1366 1361 1411 Armatus
1389 1369 1574 1412 referens
1603 1381 1754 1412 manus

397 1427 656 1470 Loetheu1n¹
688 1440 817 1482 grave
850 1440 1061 1482 spernere,
1155 1424 1411 1481 Respondit:
1441 1425 1640 1469 ‘Vereare
1667 1422 1742 1467 nil.

395 1482 565 1525 Laudes
595 1482 693 1524 huic
724 1481 849 1523 modo
873 1481 1062 1535 reddere,
1156 1480 1218 1523 Te
1247 1495 1334 1523 non
1362 1486 1410 1523 ut
1437 1480 1649 1538 perhimat
1674 1480 1775 1534 ruit,
1815 1502 1838 1544 1

397 1537 483 1591 Qui
511 1539 641 1580 vitam
670 1537 829 1590 tribuit,
860 1536 978 1579 dedit
1157 1535 1244 1579 Sed
1272 1551 1463 1594 pugnare
1490 1535 1627 1581 libens
1657 1536 1776 1594 eupit
1820 1537 1838 1569 'I'

346 1609 380 1634 10
402 1594 459 1636 Et
486 1594 608 1636 nobis
639 1608 839 1650 superam
869 1593 975 1635 bene
1157 1592 1251 1634 Hae
1280 1607 1378 1635 cum
1406 1599 1540 1650 parte,
1567 1599 1691 1637 tuum
1718 1592 1813 1650 pes

400 1649 599 1692 Sanctam
629 1664 803 1706 querere
831 1649 1033 1705 patriam,
1101 1661 1137 1687 30
1157 1648 1262 1691 Mox
1292 1650 1367 1706 qui
1394 1647 1540 1692 tollere
1566 1646 1788 1706 spiritum’.

133 1718 144 1729 ·
162 1720 182 1745 ι.
203 1726 228 1745 0.
248 1721 328 1746 tunc.
397 1705 501 1747 Hic*
532 1720 607 1747 rex
636 1704 832 1747 eclesiam
861 1705 978 1761 petit,
1158 1704 1379 1802 Deceptus
1405 1710 1609 1770 properat
1635 1704 1720 1747 fide

397 1760 463 1803 Ac
491 1760 637 1803 laudes
666 1761 836 1802 domino
867 1761 992 1803 canit.
1156 1759 1251 1802 Rex
1309 1775 1372 1815 ac,
1401 1776 1447 1803 1n
1475 1760 1638 1804 medios
1667 1759 1806 1812 simul,

397 1815 663 1859 Flambertus
714 1831 915 1873 roperans
933 1815 1060 1870 volat,
1155 1816 1288 1858 Tumb
1318 1831 1370 1859 ca
1400 1823 1470 1860 tus
1497 1815 1609 1860 male
1636 1815 1827 1872 ducitur3

345 1888 379 1913 15
401 1872 596 1925 Quocum
611 1831 744 1914 musta
758 1871 883 1914 simul
898 1887 1060 1926 manus,
1154 1871 1196 1913 A
1223 1879 1289 1915 ter
1319 1887 1344 1916 ο
1402 1887 1487 1916 unc
1513 1872 1611 1915 ferit
1638 1871 1798 1930 impius
1813 1874 1819 1924 ζ’

398 1927 458 1970 Ut
485 1942 627 1983 regem
657 1928 864 1984 perhimat
887 1927 1059 1970 bonum.
1100 1940 1136 1967 ³5
1157 1928 1297 1985 Romp
1329 1944 1400 1984 ea3
1430 1929 1546 1972 cadit
1571 1929 1655 1972 heu
1682 1927 1825 1986 pius¹5

192 1997 279 2031 April
301 1998 327 2024 7.
398 1983 490 2026 Rex
519 1984 667 2026 horum
696 1983 801 2040 vigil
832 1984 1004 2038 inscius,
1154 1983 1426 2042 Felicemque
1454 1999 1581 2028 suum
1608 1983 1689 2028 deo
1814 1991 1818 1998 '

396 2038 530 2081 Audit
548 2038 650 2081 dum
670 2041 903 2096 strepitum,
931 2039 1062 2082 nichil
1155 2039 1438 2084 Commendat
1463 2041 1536 2099 pie
1562 2040 1782 2098 spiritum!

397 2095 661 2149 Formidans,
690 2103 890 2152 properat
918 2097 1040 2150 citus,
1764 2117 1767 2122 ·
1812 2104 1818 2126 ’ἓ

454 2175 519 2220 72.
578 2175 774 2232 Denique
830 2191 956 2241 quam
1011 2177 1279 2218 innocentem
1335 2191 1354 2218 s
1474 2177 1484 2186 '
1517 2191 1586 2221 em
1638 2176 1739 2220 fudo
1789 2196 1809 2213 ιι

344 2237 632 2287 quantumque
675 2247 863 2288 perversi
903 2247 1103 2288 perverse
1146 2232 1320 2287 egerint,
1368 2246 1423 2274 no
1454 2233 1492 2275 is
1533 2231 1823 2288 reticentibus}

342 2284 450 2342 lapis
493 2292 589 2328 ante
632 2287 853 2329 cuiusdam
895 2287 1099 2330 aeclesiae
1136 2289 1308 2330 ianuam
1351 2289 1526 2345 positus,
1570 2288 1769 2345 sanguin·
1789 2293 1821 2333 ff

343 2341 434 2382 eius
461 2343 774 2385 transeuntibus
803 2345 966 2386 eunctis
996 2344 1220 2386 ostendens
1253 2345 1451 2387 insinuat.
1507 2343 1635 2387 Nullo
1663 2344 1787 2402 quip·
1808 2364 1810 2367 ’

343 2395 555 2439 delibutus
583 2411 861 2456 aspersusque
890 2398 1056 2456 liquore
1085 2399 1278 2442 discedit.
1805 2409 1811 2422 ³

457 2477 520 2519 73.
578 2477 792 2521 Nutrierat
821 2479 901 2521 sibi
931 2495 1007 2522 rex
1036 2481 1320 2537 Berengarius
1345 2479 1608 2523 familiariter
1623 2478 1767 2537 lauteq
1780 2499 1821 2515 v<

344 2532 554 2586 iuvenem,
596 2533 725 2575 immo
764 2534 934 2577 heroem
1003 2537 1200 2590 uendam,
1243 2535 1347 2579 Milo
1390 2536 1574 2590 nomine,
1615 2549 1756 2579 memo
1781 2535 1793 2546 ⁶

345 2587 446 2629 satis
474 2601 525 2630 ac
553 2587 677 2631 laude
706 2589 896 2645 dignum.
995 2594 1090 2634 uius
1129 2594 1164 2635 si
1193 2608 1269 2635 rex
1307 2592 1439 2635 fretus
1468 2591 1654 2635 consiliis
1696 2606 1781 2635 es·

344 2643 532 2686 fortunas
562 2643 642 2686 sibi
672 2660 815 2688 omnes
844 2661 929 2688 nou
956 2653 1119 2690 tantum
1148 2648 1365 2691 adversari
1395 2648 1580 2702 sentiret,
1610 2647 1692 2690 nisi
1721 2661 1768 2704 q
1793 2653 1809 2692 s,

346 2748 378 2783 ι)
398 2749 486 2777 libito
508 2752 533 2777 1.
553 2759 608 2784 pro
630 2752 723 2778 libato
746 2753 782 2787 (?)
803 2754 846 2779 rel
865 2754 971 2782 bibito.
1050 2755 1080 2789 b)
1103 2757 1188 2782 'runc
1211 2757 1264 2783 5⁸.

348 2836 387 2880 1)
411 2839 436 2871 i.
461 2848 494 2872 e.
519 2849 690 2881 somnum,
718 2841 762 2875 cf.
789 2842 806 2874 I
833 2852 864 2875 c.
895 2843 950 2876 12.
1019 2842 1056 2886 2)
1079 2844 1268 2888 Necrolog.
1293 2845 1535 2879 Modiciense:
1562 2845 1646 2879 vn.
1662 2827 1816 2879 1d.A«L³f{2

347 2886 436 2920 obiit
459 2887 694 2932 Berengarius
720 2891 910 2934 imperator
934 2902 1026 2926 anno
1053 2893 1097 2926 ab
1125 2894 1367 2927 incarnatione
1395 2894 1478 2927 924.
1796 2902 1809 2914 “
