1838 3210
259 209 565 244 LIUDPRANDI
589 207 941 243 ANTAPODOSIS.
990 208 1085 241 LIB.
1112 208 1160 241 11.
1211 207 1272 240 48.
1470 207 1516 240 45

40 356 51 365 .
133 321 202 364 48.
247 320 473 364 Theodora
515 325 703 362 scortum
746 319 978 376 inpudens,
1032 318 1158 361 huius
1207 316 1399 361 Alberici
1443 319 1517 374 qui

36 390 160 435 >yper
192 375 407 420 hominem
447 376 576 418 exiit¹
617 377 736 430 avia,
775 375 891 440 quod
930 375 1047 418 dictu
1083 374 1211 418 etiam
1249 373 1516 416 fedissimum

36 482 46 488 ‚.
97 464 110 488 ,
145 432 338 475 Romane
378 432 562 474 civitatis
597 446 683 474 non
712 430 935 474 invlriliter
962 429 1253 474 monarchiam
1283 429 1516 472 obtinebat.

77 508 82 521 ι
104 508 107 523 ³
130 508 136 513 ·
174 488 281 531 duas
312 488 461 531 habuit
488 494 654 542 natasv,
696 488 921 530 Marotiam
950 494 1079 544 atque
1108 485 1395 540 Theodoram,
1434 485 1517 528 sibi

37 546 46 597 ζ
62 559 109 587 ·n
135 543 273 587 solum
302 542 529 601 coequales
557 558 705 586 verum
735 544 864 586 etiam
885 544 1064 586 Veneris
1085 542 1316 586 exercitio*
1375 556 1516 599 romp-

38 615 165 644 res
221 599 390 642 Harum
410 599 591 642 Marotia
620 614 675 642 ex
704 614 819 656 papa
839 599 1004 656 Sergio,
1034 599 1158 642 cuius
1178 612 1309 655 supra
1355 598 1516 640 ecimus

38 678 54 691 ··
78 657 295 710 ·ntionem,
323 655 571 709 Iohannem,
603 656 676 712 qui
705 662 804 712 post
830 654 1033 698 Iohannis
1063 654 1322 697 Ravennatis
1351 653 1517 697 obitum
1531 661 1697 688 931-935·

70 726 239 755 ·manae
274 711 479 755 aecclesie
509 711 692 754 obtinuit
720 710 984 767 dignitatem,
1023 710 1184 752 nefario
1223 710 1371 766 genuit
1398 709 1517 751 adul-

38 788 67 804 ψ·
87 768 148 822 ‘03
186 782 243 810 ex
269 767 470 811 Alberico
506 775 651 810 autem
684 766 928 810 marchione
956 766 1220 820 Albericum,
1260 766 1335 823 qui
1371 773 1517 808 nostro

31 827 43 859 ι
59 830 63 833 ’
81 831 121 868 st
147 832 232 867 tem
266 838 338 866 ore
368 822 559 866 eiusdem
587 823 780 866 Romane
810 822 927 866 urbis
956 823 1245 880 principatum
1284 822 1367 865 sibi
1396 836 1518 864 usur-

38 900 43 916 ·
77 881 153 924 vit.
247 894 294 922 cr
322 879 436 922 idem
465 887 635 936 tempus
655 879 903 923 Ravennate
933 879 1059 933 sedis,
1089 877 1303 921 secundus
1325 879 1400 935 qui
1420 884 1519 935 post

23 941 49 993 ιτ
71 950 263 979 manum
292 935 540 979 archierean
559 934 919 992 archipresulatus
948 933 1200 988 habebatur,
1229 935 1383 977 Petrus
1413 948 1518 991 pon-

19 995 43 1045 ἦ
68 1000 230 1035 -catum
258 990 435 1048 regebat
448 998 477 1034 ⁸.
537 990 624 1045 Qui
653 991 757 1034 dum
778 990 1055 1034 subiectionis
1078 990 1212 1033 offitio
1242 989 1411 1034 debitae
1432 990 1518 1032 iam

51 1068 69 1084 .·
91 1048 288 1091 umatum
326 1047 558 1090 Iohannem
597 1061 774 1105 papam,
818 1048 892 1104 qui
936 1062 1039 1090 suae
1081 1046 1272 1089 minister
1313 1045 1518 1089 ecclesiae

16 1142 26 1154 „
52 1126 57 1135 ·
82 1118 124 1147 ιο
164 1104 367 1161 temporis
396 1102 656 1158 habebatur,
696 1103 877 1146 Romam
917 1103 1061 1160 sepius
1098 1109 1140 1146 et
1176 1103 1331 1145 iterum
1360 1101 1518 1144 domno

16 1160 65 1212 ,v'
90 1161 224 1211 'eret
261 1173 287 1201 a
320 1159 517 1214 ostolico,
547 1159 784 1213 Theodora,
822 1166 870 1201 ut
906 1165 1087 1202 testatus
1130 1158 1273 1212 sumb‚
1316 1159 1519 1201 meretrix

70 1217 126 1260 tis
144 1216 264 1274 impu
296 1216 525 1270 entissima,
555 1216 734 1259 Veneris
754 1214 894 1257 calore
914 1229 1133 1268 succensa,
1156 1215 1200 1256 in
1219 1213 1348 1256 huius
1369 1214 1518 1271 spetiei

64 1293 73 1309 -.
114 1286 222 1316 urem
249 1271 521 1315 vehementer
550 1273 710 1314 exarsit
719 1279 748 1325 ⁰,
779 1286 911 1329 seque
940 1270 1055 1313 hunc
1075 1270 1254 1313 scortari
1274 1269 1413 1312 solum
1432 1284 1520 1312 non

55 1349 69 1379 ι
96 1329 171 1383 uit,
210 1342 358 1371 verum
398 1335 497 1385 post
534 1328 662 1370 etiam
694 1334 824 1385 atque
854 1328 982 1370 etiam
1012 1326 1232 1384 compulit.
1290 1326 1386 1368 Hec
1415 1325 1519 1368 dum

45 1438 47 1442 Ι
66 1382 279 1443 pudenter
305 1391 504 1450 aguntur,
532 1383 815 1427 Bononiensis
842 1382 1050 1426 aeclesiae
1069 1382 1298 1440 episcopus
1327 1382 1519 1437 moritur,

94 1439 307 1484 Iohannes
336 1446 417 1483 iste
445 1439 539 1483 loco
568 1441 660 1483 eius
689 1439 873 1497 eligitur.
931 1438 1067 1482 Paulo
1096 1446 1222 1497 post⁴
1259 1445 1358 1481 ante
1391 1438 1520 1481 huius
1592 1476 1597 1483 Α

56 1497 85 1522 “-
106 1517 127 1535 ιι
168 1497 499 1539 consecrationis
526 1497 769 1539 nominatus
793 1496 1019 1539 Ravennas
1047 1494 1310 1552 archipresul
1339 1501 1520 1537 mortem

38 1553 143 1608 -iit,
171 1551 314 1595 locum
346 1567 399 1595 ue
429 1553 521 1595 eius
535 1551 746 1596 Iohannes
775 1551 858 1603 hic,
887 1551 1112 1595 Theodore
1140 1551 1359 1605 instinctu,
1389 1551 1522 1608 priori

73 1609 293 1652 *noniense
353 1615 492 1652 eserta
520 1607 712 1662 aeclesia,
741 1608 986 1651 ambitionis
1016 1607 1169 1665 spiritu
1196 1606 1382 1661 inflatus,
1423 1621 1521 1648 con-

57 1686 78 1700 -ιτ
142 1671 387 1708 sanctorum
434 1664 628 1708 instituta
705 1670 844 1706 atrum
892 1662 975 1706 sibi
1021 1663 1261 1721 usurpavit.
1337 1663 1520 1706 Romam

56 1721 189 1779 w'ppe
226 1719 480 1774 adveniens,
519 1735 622 1763 mox
727 1727 938 1763 vennatae
978 1719 1155 1762 eclesiae
1186 1719 1407 1762 ordinatur
1435 1719 1521 1775 epi-

62 1792 194 1835 wpus.
236 1775 410 1819 Modica
427 1791 530 1819 vero
559 1777 765 1834 temporis
784 1778 946 1819 interca
978 1775 1114 1830 edine,
1143 1775 1224 1818 deo
1253 1782 1449 1828 vocante,
1480 1782 1521 1817 et

26 1871 27 1875 ,
53 1855 73 1868 ι·
86 1834 98 1844 “
129 1847 229 1877 eum
257 1833 413 1876 iniuste
443 1832 716 1876 ordinaverat
742 1846 856 1891 papa
876 1832 929 1875 de
950 1838 1104 1875 unctus
1134 1838 1210 1875 est.
1269 1830 1520 1874 Theodorae

108 1909 117 1926 ι
135 1909 156 1926 ιι
195 1888 399 1946 glycerii⁸
436 1902 557 1932 meus
595 1902 819 1947 perversa,
859 1903 912 1931 ne
947 1888 1099 1931 amasii
1137 1888 1204 1930 sui
1240 1887 1520 1931 ducentorum

73 1945 84 1956 '
104 1946 114 1956 '
168 1945 304 1988 'orum
319 1945 654 2002 interpositione,
672 1943 830 2002 quibus
844 1944 1050 1988 Ravenna
1065 1949 1356 2002 sequestratur
1371 1943 1521 1997 Roma,

99 2002 244 2044 ‘imo
273 2001 508 2044 concubitu
535 2002 754 2058 potiretur,
783 2001 1002 2044 Ravenate
1030 2000 1146 2043 hunc
1175 1999 1288 2043 sedis
1310 1998 1522 2056 archipre-

21 2116 32 2146 ᾖ
102 2065 208 2101 tum
238 2057 379 2114 coegit
408 2056 616 2111 deserere,
645 2057 985 2114 Romanumque,
1022 2070 1099 2114 pro
1134 2055 1268 2109 nefas,
1307 2069 1523 2098 summum

79 2186 228 2214 exercitio
251 2186 280 2212 ι.
360 2184 392 2219 b)
415 2187 545 2211 testatur
565 2191 621 2211 sua
643 2185 698 2211 ba.
721 2187 850 2211 testatur
870 2184 936 2210 uita
956 2182 1029 2210 δι’.
1110 2183 1138 2216 c)
1159 2183 1294 2210 exarscit
1316 2184 1342 2210 1.

27 2276 65 2321 ij
98 2283 132 2308 a.
158 2272 243 2306 954.
343 2271 383 2316 2)
409 2272 522 2307 Filias
548 2271 810 2316 Theophylacti
838 2272 994 2305 consulis
1021 2275 1058 2305 et
1084 2271 1269 2305 senatoris.
1370 2270 1406 2313 8)
1426 2270 1523 2304 Inter

90 2320 318 2366 biepiscopos
350 2322 578 2355 Ravennates
612 2321 716 2354 huius
746 2322 915 2365 temporis
949 2320 1074 2354 Petrus
1107 2330 1178 2354 nen
1212 2319 1383 2361 occurrit,
1414 2319 1522 2352 immo

92 2386 98 2399 ·
133 2370 350 2405 Bononiensi
375 2371 540 2414 praefuit.
593 2369 648 2403 Cf.
675 2369 897 2403 Invectivam
923 2370 960 2403 in
985 2368 1135 2403 Romam
1162 2367 1291 2407 (Gesta
1312 2368 1523 2411 Berengarii

26 2408 43 2425 ⁴
113 2418 300 2453 Diiminler
316 2429 350 2463 p.
373 2418 480 2462 153):
507 2418 613 2453 Kailo
639 2428 724 2452 vero
749 2418 1039 2462 archiepiscopus
1065 2417 1131 2459 (sc.
1157 2417 1363 2459 Ravennae)
1382 2417 1523 2450 Petrum

119 2468 295 2502 ariensem
330 2468 536 2512 episcopm
570 2468 806 2501 consecravit.
856 2467 982 2501 Petrus
1015 2470 1134 2500 autem
1167 2466 1403 2500 Bononiensis
1430 2466 1523 2510 epis·

27 2504 90 2577 {a
110 2533 114 2544 ·
167 2515 330 2551 Kailonis
351 2516 613 2561 archiepiscopi
638 2516 897 2560 subfraganeus
923 2515 1119 2549 Iohannem
1145 2538 1155 2549 .
1183 2539 1191 2548 .
1220 2538 1230 2548 .
1255 2525 1319 2559 per
1342 2524 1524 2548 sacrorum

31 2579 44 2611 ‘⁶
68 2582 85 2593 «ι
121 2575 194 2600 =um
237 2574 407 2600 ascensus
447 2565 494 2599 ad
534 2565 722 2599 diaconem
767 2565 1003 2599 consecravit.
1067 2564 1247 2597 Defuncto
1290 2574 1375 2597 vero
1418 2563 1523 2596 Petro

43 2650 46 2651 ⁷
93 2624 128 2648 m
169 2614 349 2648 Iohannes
391 2614 654 2648 Bononiensem
697 2613 888 2648 ecclesiam
932 2612 1034 2658 (tunc
1075 2610 1339 2655 Ravennatem)
1381 2612 1524 2645 vivente

118 2673 186 2697 one
217 2662 487 2708 archiepiscopo
526 2666 649 2696 contra
683 2673 823 2696 omnem
859 2671 1035 2696 canonum
1069 2662 1316 2695 auctoritatem
1352 2660 1524 2694 invadere

124 2728 128 2738 =
149 2712 247 2757 upsit
264 2736 272 2745 .
292 2735 302 2746 .
320 2735 350 2753 .,
375 2722 446 2756 qua
471 2710 597 2745 relicta
621 2715 782 2746 sanctam
800 2711 997 2744 Romanam
1024 2713 1061 2744 et
1077 2709 1315 2754 apostolicam
1333 2709 1524 2743 ecclesiam

37 2796 39 2799 ,
80 2778 95 2787 ιι
215 2761 359 2795 ausibus
397 2761 592 2805 usurpavit.
716 2759 756 2804 Δ)
782 2759 959 2794 Iohannes
997 2758 1288 2803 archiepiscopus
1321 2759 1356 2791 in
1393 2757 1525 2791 chartis

123 2809 302 2844 unatibus
334 2820 368 2843 a.
394 2809 467 2842 906
494 2808 561 2843 Iul.
592 2808 647 2843 15.
682 2813 718 2843 et
751 2809 820 2841 911
859 2808 958 2852 Sept.
984 2808 1018 2842 4.
1053 2809 1208 2841 occurrit
1242 2806 1336 2851 apud
1371 2807 1524 2840 Fantus·

103 2876 117 2885 =·
150 2857 193 2893 Τ.
219 2857 249 2891 1.
350 2857 389 2902 ὃ)
416 2857 496 2891 Hoc
523 2868 651 2892 nomen
679 2867 723 2891 ex
747 2857 904 2891 Terentii
930 2857 1067 2891 Andria
1095 2855 1325 2901 deprompsit.

28 2898 54 2963 iv

33 2972 46 2982 ‹-

34 2986 41 2993 v
