1838 3210
238 201 544 238 LIUDPRANDI
568 201 919 237 ANTAPODOSIS.
969 202 1066 236 LIB.
1090 203 1135 237 V.
1187 203 1293 237 1-2.
1447 205 1514 238 101

49 313 141 359 26.
182 313 254 357 De
281 314 469 357 adventu
497 313 727 357 desiderati
753 313 1004 371 Berengarii
1031 315 1077 357 in
1105 313 1288 370 Italiam,
1326 322 1368 358 et
1397 316 1515 373 quod

50 376 60 402 5
182 369 435 413 Mannasses
464 370 556 412 eius
583 368 778 427 partibus
806 369 935 414 favet.

51 422 141 469 27.
185 424 272 480 Qui
299 426 517 484 principes
546 426 665 482 prius
695 425 738 468 H
800 440 925 468 onem
955 424 1210 481 desererent,
1240 434 1282 470 et
1311 441 1400 470 cur.

46 478 139 530 28-
179 481 252 525 De
280 496 331 526 eo
360 481 475 540 quod
504 496 583 525 rex
610 480 740 538 Hugo
817 482 906 524 'um
934 497 1060 525 suum
1079 482 1330 526 Lotharium
1349 483 1512 527 Medio-

49 536 63 570 ἶ
181 536 342 581 lanium
370 538 513 590 mittit,
540 536 597 580 ad
625 536 963 581 misericordiam
993 539 1182 581 omnium
1212 539 1430 582 Italorum.

107 597 139 635 ⁸.
179 593 251 637 De
278 593 434 651 Ioseph
462 594 666 651 episcopo
694 608 773 651 per
799 593 1109 651 Berengarium
1130 594 1283 638 Brixia
1313 596 1509 653 expulso,

61 679 63 681 -
179 656 223 693 et
249 648 439 693 Antonio
468 648 620 692 eodem
649 650 891 693 constituto.

51 703 136 750 ἵνα).
181 703 272 749 Cur
298 706 585 762 Berengarius
613 704 909 749 Placentinum
939 712 981 750 et
998 706 1255 772 Papiensem
1280 706 1511 750 dimitteret

178 776 202 804 e
233 761 417 820 iscopos,
447 768 490 805 et
518 776 597 804 cur
624 761 949 819 Liudprandum
980 761 1182 806 clencum
1211 771 1411 820 parentes
1438 764 1510 812 sui

218 819 441 875 erengario
469 817 875 861 commendaverint.

56 871 135 917 31.
178 873 249 916 De
278 873 465 931 Hugone
501 888 603 931 rege
641 874 714 939 qui
751 888 849 916 cum
886 875 1001 917 omni
1036 875 1221 932 pecunia
1259 876 1303 918 in
1332 876 1508 919 Provin-

51 963 53 968 .
179 929 291 972 ciam
321 930 411 985 ivit,
441 936 484 973 et
512 929 566 972 de
595 929 838 972 Raimundo
869 931 943 988 qui
982 945 1084 973 suus
1113 930 1236 974 miles
1263 931 1400 975 factus
1430 939 1508 975 est.

39 983 131 1038 332.
174 984 246 1029 De
274 1000 409 1029 uxore
438 986 688 1043 Berengarii
728 1000 838 1043 quae
876 1001 1004 1043 passa
1039 994 1105 1031 est
1143 987 1302 1031 crimen
1341 989 1504 1043 incesti,

50 1055 54 1092 ᾔ
177 1048 220 1083 et
248 1041 429 1099 qualiter
456 1042 556 1085 inde
586 1042 640 1084 sit
667 1041 859 1087 liberata.

51 1094 132 1150 ffl.
175 1096 246 1141 De
282 1099 467 1155 pecunia
505 1112 634 1156 quam
679 1098 966 1155 Berengarius
1009 1113 1142 1142 causa
1183 1099 1506 1157 Hungariorum

55 1172 58 1178 ·
173 1153 439 1211 pauperibus
470 1161 512 1197 et
540 1153 730 1197 ecclesiis
759 1154 844 1197 Dei
875 1153 983 1196 tulit.

398 1257 688 1301 EXPLICIU
690 1258 770 1301 NT
802 1258 1115 1303 CAPITULA.

59 1540 61 1543 ξ
380 1483 603 1528 INCIPIT
630 1485 810 1529 LIBER
840 1485 1118 1540 QUINTUS.

49 1577 70 1604 1:
100 1564 155 1630 ·1.
213 1563 394 1608 Factum
425 1573 502 1619 est,
531 1573 579 1609 ut
606 1574 706 1623 post
733 1573 913 1610 mortem
941 1566 1181 1610 Heverardi
1211 1572 1340 1624 atque
1361 1566 1569 1623 Gisle·(1.)

92 1640 101 1654 ι
154 1634 321 1663 necnon
357 1628 400 1664 et
438 1621 632 1665 Heinrici
667 1621 808 1665 fratris
846 1637 890 1666 re
924 1623 959 1665 's
997 1622 1292 1677 inclusionem,
1322 1637 1498 1667 concur-
1512 1628 1579 1655 ⁹³⁹·

61 1700 65 1709 =
90 1651 192 1719 ’bus
220 1676 409 1735 undique
437 1677 493 1720 ad
518 1692 666 1735 regem
687 1637 935 1735 congratuf¹
938 1679 1065 1722 tionis
1085 1693 1216 1722 causa
1234 1678 1498 1737 proceribus,

66 1732 96 1769 «ι’
128 1739 164 1776 -t
190 1740 233 1776 et
260 1733 327 1775 vir
363 1732 613 1788 ditissimus,
658 1733 900 1778 Suevorum
937 1734 1027 1778 dux
1065 1735 1378 1791 Herimannus3
1423 1737 1498 1794 qui

56 1803 70 1824 ·.
125 1788 502 1846 congratulationis
532 1790 768 1833 satietatem
808 1789 965 1834 talibus
994 1806 1139 1848 regem
1169 1799 1233 1835 est
1266 1791 1320 1834 ad
1377 1807 1498 1836 essus

80 1844 286 1888 monibus:
330 1845 443 1888 ‘Non
486 1845 594 1889 clam
638 1846 811 1889 domino
855 1862 950 1890 meo
990 1856 1066 1900 est,
1111 1862 1210 1890 cum
1248 1863 1326 1906 pre
1357 1849 1497 1891 iorum

53 1898 234 1955 tudine,
263 1906 355 1944 tum
383 1903 661 1959 pecuniarum
681 1903 950 1948 inmensitate
969 1903 1221 1961 predivitem
1243 1919 1311 1946 me
1330 1903 1496 1962 absque

69 1977 78 1993 ι
107 1957 142 1999 's
181 1970 293 2010 esse3
328 1971 407 2000 nec
449 1965 515 2001 est
555 1965 697 2016 preter
738 1973 869 2001 unam
912 1959 1135 2018 parvulam
1232 1966 1346 2003 atam
1361 1968 1388 2014 ¹,
1421 1960 1495 2018 qui

75 2034 79 2049 .-
124 2030 131 2049 ι
155 2032 176 2052 u
216 2027 356 2057 rerum
387 2028 455 2056 me
484 2012 718 2059 decedente
754 2014 895 2059 'heres
925 2016 1094 2059 existat.
1151 2016 1186 2058 P
1202 2023 1323 2059 accat
1350 2017 1642 2083 itaquewme.

68 2083 172 2111 uno
202 2083 299 2113 meo
327 2070 418 2127 regi
443 2069 575 2113 filium
602 2085 727 2114 suum
755 2070 981 2137 parvulum
1011 2071 1362 2115 LIUTOLFUM
1390 2072 1495 2116 m1hi

52 2145 68 2182 ¹·
90 2132 198 2169 ware
217 2125 262 2168 in
290 2124 439 2181 filium,
469 2127 669 2185 quatinus
697 2141 849 2170 unicae
879 2126 991 2171 filiae
1021 2143 1140 2172 meae
1169 2127 1351 2172 maritali
1381 2142 1494 2172 com-

51 2202 68 2217 ³
97 2181 144 2225 'o
174 2182 364 2236 sotiatus,
401 2197 469 2225 me
507 2182 717 2240 migrante
756 2198 947 2226 mearum
986 2185 1060 2227 fiat
1088 2199 1230 2228 rerum
1260 2183 1493 2228 hereditate

107 2235 273 2280 ificus’.
331 2236 429 2280 Hoc
468 2238 611 2296 itaque
649 2239 750 2296 quia
786 2238 946 2296 placuit
980 2241 1070 2296 regi
1100 2238 1339 2294 eonsilium,
1377 2240 1493 2298 quod

47 2301 250 2342 macerat
285 2294 376 2338 sine
414 2293 615 2338 dilatione
645 2294 887 2361 complevit.

48 2353 65 2406 ζ
106 2349 146 2392 2.
203 2348 301 2393 Ηοο
332 2350 375 2392 in
414 2357 617 2408 tempore,
659 2360 707 2394 ut
741 2351 825 2408 ipsi
861 2350 971 2395 bene
1006 2353 1152 2407 nostis,
1190 2351 1253 2395 sol
1288 2366 1490 2410 magnam
1504 2375 1564 2403 ω,
1587 2374 1633 2402 19.

51 2405 233 2450 :cunctis
263 2404 493 2449 terribilem
530 2420 681 2464 passus
716 2414 779 2450 est
815 2405 894 2450 ecli
928 2408 1033 2461 sin⁸,
1075 2417 1197 2451 sexta
1230 2408 1350 2462 feria,
1385 2408 1491 2451 hora

54 2487 71 2496 ,
112 2461 258 2515 tertia3
313 2476 399 2527 qua
437 2462 564 2505 etiam
604 2462 673 2506 dic
715 2462 888 2506 Abdera
918 2465 1086 2507 amem*
1153 2479 1230 2507 rex
1268 2471 1422 2519 vester,
1467 2479 1493 2508 a

59 2538 76 2559 2·
99 2517 225 2559 miro
255 2517 604 2561 chnstianissimo
635 2533 736 2575 rege
767 2518 967 2563 Gallitiae
1002 2521 1045 2563 in
1084 2497 1196 2563 bello
1226 2528 1290 2564 est
1319 2535 1491 2579 supera—

48 2579 105 2633 ᾖ.
165 2572 251 2616 Sed
278 2582 320 2617 et
349 2573 393 2616 in
422 2573 545 2617 Italia
574 2582 669 2617 octo
700 2574 911 2618 continuis
938 2575 1136 2619 noctibus
1166 2577 1298 2620 mirae
1327 2578 1491 2635 magni-

50 2681 54 2684 ⁴
76 2695 78 2698 ·
132 2682 370 2749 οειίυὶιιιὸυηὸσ
392 2683 535 2710 nonnullo
557 2690 642 2711 ecca
663 2688 744 2711 nme:
767 2691 848 2711 anno
871 2684 1044 2711 dominicae
1067 2685 1290 2713 incarnationi·
1303 2685 1445 2714 Dcccc.
1462 2688 1489 2712 1.

128 2727 193 2747 nm
237 2742 243 2748 .
297 2729 324 2749 ι.

48 2806 184 2851 raldam,
218 2819 311 2853 quae
345 2820 438 2844 anno
473 2811 543 2844 9⁴7
571 2812 641 2845 iam
677 2810 801 2846 adulta
826 2811 986 2846 Lintolt'o
1013 2813 1145 2858 nupsit.
1246 2811 1287 2854 2)
1314 2812 1369 2847 ef.
1395 2813 1487 2846 Anu.

39 2857 59 2906 'ff
79 2856 156 2891 all.
183 2858 335 2893 maiore·
360 2869 392 2893 ι.
419 2859 504 2894 98⁹.
