1838 3210
249 360 315 386 941.

245 1302 313 1350 o4i.

183 2522 232 2559 ’μ
247 2525 313 2552 831.

332 235 399 268 106
525 231 828 268 LIUDPRANDI
855 229 1200 265 ANTAPODOSIS.
1252 229 1348 263 LIB.
1378 229 1419 262 V.
1474 229 1630 263 11—14.

412 345 611 388 Protinus
640 345 685 386 in
713 343 930 386 baratrum
950 340 1149 383 avulsus¹³¹
1201 338 1310 383 Aliis
1340 339 1556 383 montibus
1584 340 1704 385 isses.

410 402 526 444 Ecce
555 400 860 456 Berengarium
889 405 1041 451 servat,
1203 396 1316 439 Sinit
1343 403 1386 439 et
1414 396 1583 440 tramite
1609 404 1727 442 recto
1821 423 1824 426 ·

332 471 380 505 10
412 458 535 500 Mons
551 456 728 499 transire
744 455 871 503 Iovis,
883 454 1036 495 mirum
1048 452 1162 494 haud
1203 451 1389 495 Suetusb
1425 451 1604 510 perdere
1633 459 1795 497 sancto
1818 467 1821 469 ’

411 513 469 556 Et
497 526 664 555 servare
694 509 839 563 malos,
868 510 1058 552 vocitant
1200 507 1300 551 Heu
1314 522 1420 565 quos
1439 508 1609 552 nomine
1627 508 1833 567 Mauros,

411 570 497 612 San
530 569 628 610 uine
640 567 712 623 qui
723 564 913 622 gaudent
928 564 1160 619 hominum,
1200 564 1326 607 Iuvat
1354 572 1397 607 et
1425 564 1570 608 vivere
1597 571 1735 632 rapto.

413 625 496 677 Qui
552 622 728 680 loquar?
757 636 856 665 ecce
876 620 1003 663 deum
1034 620 1161 686 cupio
1200 620 1307 663 Tete
1335 619 1511 663 fulmine
1539 619 1678 676 adun,

412 680 772 735 Conscissusque⁶
803 677 932 720 chaos
963 684 1128 719 cunctis
1199 675 1300 719 Fias
1330 683 1523 734 tempore
1552 683 1720 721 cuncto.

442 748 505 790 12.
548 748 686 804 Igitur
724 746 1023 798 herimannus,
1066 743 1307 787 Suevorum
1343 744 1446 798 dux,
1485 745 1729 789 venientem
1770 744 1819 781 m?

327 821 371 848 se
400 803 707 860 Berengarium
737 803 919 858 benigne
959 802 1160 857 suscepit,
1199 815 1384 857 eumque
1419 814 1579 858 magno
1617 814 1718 844 cum
1745 800 1818 844 ho.

327 876 429 903 nore
464 866 561 902 ante
598 858 778 916 piissimi
816 858 928 914 regis
968 856 1139 900 Ottonis
1178 857 1437 914 presentiam
1472 855 1609 900 duxit.
1675 856 1814 912 Quen*

357 924 486 959 uanta
542 930 619 957 rex
677 914 903 957 devotione
961 913 1209 970 susceperit,
1298 913 1522 970 uantisque
1571 912 1766 956 munerib

327 932 560 1023 donaverit,
621 978 884 1026 uantumque
914 968 1199 1023 honoraverit,
1230 984 1249 1011 s
1271 969 1280 978 ’
1301 983 1351 1011 us
1380 982 1503 1012 meus
1531 983 1577 1012 se
1602 966 1789 1013 scribere
1815 1018 1818 1021 ,

326 1042 451 1085 posse
495 1027 585 1070 diffi
618 1027 688 1069 it¹.
760 1026 921 1068 Verum
962 1031 1166 1082 quantum
1205 1025 1362 1081 poterit
1399 1024 1652 1082 designatis,
1696 1025 1785 1069 eui·
1815 1029 1817 1033 ’

327 1084 560 1126 sanctitatis
590 1088 857 1140 quantaeque
888 1081 1162 1123 humanitatis
1198 1095 1276 1123 rex
1305 1080 1445 1134 fuerit,
1478 1088 1662 1139 quantae
1699 1101 1710 1118 ι
1727 1081 1761 1118 :2
1786 1102 1805 1119 υ

326 1139 610 1197 improbitatis
639 1137 925 1194 Berengarius
955 1137 1154 1191 extiterit,
1192 1135 1314 1180 facile
1353 1135 1542 1194 prudens
1569 1135 1703 1181 lector
1739 1157 1743 1173 .-
1767 1137 1817 1174 ι”’

327 1195 592 1238 madvertere
621 1194 787 1251 poterit.

442 1264 505 1306 13.
550 1263 645 1305 Rex
683 1262 826 1318 Hugo,
870 1260 1017 1304 audita
1059 1261 1309 1318 Berengarii
1346 1260 1462 1318 fuga,
1504 1261 1677 1305 nuntios
1717 1275 1787 1305 su·
1836 1264 1838 1266 ’

327 1320 418 1375 regi
448 1318 597 1361 Ottoni
626 1318 783 1374 dirigit,
814 1317 1050 1359 secundum
1079 1316 1308 1360 voluntatis
1339 1331 1442 1360 suae
1471 1315 1804 1362 deliberationu-

325 1375 418 1417 auri
447 1375 697 1432 argentique
728 1374 895 1429 copiam
934 1389 979 1416 se
1009 1374 1048 1416 ei
1076 1372 1290 1428 daturum,
1331 1374 1368 1415 si
1394 1372 1703 1431 BerengarIum
1731 1388 1793 1417 nn
1831 1418 1835 1426 ,

326 1432 560 1487 susciperet
588 1431 712 1487 eique
740 1428 1013 1472 amminicula
1040 1443 1127 1471 non
1156 1429 1376 1484 conferret,
1437 1430 1671 1473 romittens.

326 1487 406 1530 bus
435 1501 513 1528 rex
541 1485 883 1542 apologeticume
920 1484 1166 1527 huiusmodi
1204 1484 1338 1528 dedit:
1397 1489 1408 1511 ‘
1450 1486 1695 1543 erengarius
1731 1500 1789 1530 no

327 1541 380 1585 ob
411 1542 571 1584 domini
599 1543 730 1584 vestri
766 1541 1068 1595 deieccionem,
1111 1556 1275 1596 verum,
1318 1541 1355 1584 si
1423 1542 1504 1585 otis
1542 1549 1620 1596 est,
1664 1539 1719 1585 ob
1787 1553 1801 1579 ι·

327 1597 677 1651 conciliationem,
716 1605 905 1640 nostram
942 1597 1049 1640 adiit
1086 1597 1300 1654 pietatem.
1412 1612 1467 1640 ua
1504 1598 1550 1640 in
1587 1612 1635 1642 re
1667 1597 1705 1641 si
1742 1603 1797 1634 τη

325 1653 567 1697 miniculari
608 1653 669 1695 illi
713 1669 872 1710 poenes
916 1653 1138 1696 dominum
1181 1661 1372 1697 vestrum
1410 1661 1581 1711 potero,
1618 1667 1749 1712 gazas
1794 1656 1802 1667 ‘

327 1725 371 1753 se
409 1710 513 1752 mihi
551 1710 782 1766 promissas
822 1723 908 1752 non
942 1710 1080 1752 solum
1118 1724 1205 1752 non
1243 1710 1449 1768 suscipio,
1485 1724 1637 1753 verum
1677 1725 1790 1753 m==÷
1826 1703 1830 1720 '

326 1765 386 1808 illi
424 1765 703 1809 libentissime
741 1765 906 1820 tribu03
952 1766 1093 1808 Beren
1123 1767 1212 1808 ario
1250 1780 1375 1820 vero,
1415 1780 1492 1809 seu
1534 1764 1709 1810 cuilibet
1744 1781 1789 1821 ns
1825 1772 1829 1788 ³

326 1829 438 1865 strae
480 1823 650 1879 pietatis
693 1820 962 1866 clementiam
1009 1822 1098 1879 imp
1117 1823 1266 1877 oranti,
1311 1821 1538 1866 mandasse
1580 1820 1746 1866 subsidi
1823 1869 1827 1884 ι

326 1892 412 1920 non
455 1877 655 1933 prebere,
705 1892 895 1920 summae
939 1877 1179 1921 dementiae
1229 1879 1317 1921 est'.
1389 1877 1613 1936 Perpende
1659 1879 1766 1937 itaq·
1823 1890 1827 1901 ⁴

326 1941 486 1991 quanta
514 1948 611 1976 eum
639 1948 718 1975 rex
745 1934 842 1990 pius
873 1934 1047 1976 caritate
1088 1933 1297 1988 dilexerit,
1364 1934 1410 1976 ui
1444 1934 1699 1992 promissam
1732 1933 1782 1977 nu*
1823 1922 1826 1949 l

326 1988 464 2087 ἓοΙωη
492 2004 579 2032 non
607 1990 816 2046 accipere,
848 1989 924 2032 sed
953 1991 1172 2046 propriam
1207 2005 1286 2047 pro
1323 1990 1333 1999 ⁶
1368 2004 1392 2032 0
1427 1991 1656 2048 pecuniam
1683 1989 1783 2035 vol
1822 1985 1825 2006 ⁸

356 2060 440 2089 are.

440 2114 505 2156 14.
547 2113 667 2156 Dum
687 2113 792 2156 haec
816 2119 1002 2170 aguntur
1013 2114 1039 2168 f,
1069 2112 1567 2172 Constantinopolitanus
1586 2115 1753 2172 impera
1764 2115 1787 2172 ¹⁴
1819 2144 1834 2176 ,2

327 2184 426 2212 cum
465 2170 578 2226 regis
616 2169 814 2225 Hugonis
853 2170 1012 2211 nuntiis
1051 2184 1150 2212 suos
1191 2171 1351 2227 pariter
1393 2171 1551 2228 dirigit,
1595 2185 1713 2214 man·
1734 2189 1739 2206 2
1764 2190 1782 2207 ν
1819 2181 1834 2207 ’ῑ

325 2239 454 2268 naves
485 2231 527 2268 et
556 2226 699 2268 omnia
728 2240 810 2282 que
841 2225 1101 2268 desideraret
1130 2240 1176 2267 se
1206 2227 1246 2268 ei
1275 2226 1488 2282 daturum,
1518 2227 1555 2270 si
1573 2227 1721 2284 nepoti
1738 2241 1777 2270 s
1819 2221 1821 2235 '

326 2279 502 2347 parvulo
543 2280 625 2323 sibi
664 2282 891 2335 omonimo,
931 2281 1199 2324 Constantini
1241 2281 1341 2336 filio,
1386 2282 1515 2325 filiam
1555 2296 1678 2326 suam
1720 2297 1773 2326 co
1818 2291 1821 2334 J

325 2351 471 2392 iugem
500 2337 631 2380 daret.
691 2336 1018 2380 Constantinum
1047 2344 1191 2380 autem
1209 2338 1366 2381 Leonis
1393 2339 1661 2396 imperatoris
1671 2346 1704 2393 ⁸,
1732 2353 1776 2383 n
1816 2338 1820 2391 ζ’

326 2393 461 2457 ipsius
505 2392 714 2446 Romanu,
757 2393 890 2435 filium
934 2393 1045 2435 dico.
1116 2394 1223 2436 Tres
1262 2395 1375 2437 enim
1410 2395 1454 2438 hi
1489 2409 1589 2438 cum
1622 2394 1723 2438 Ro..
1744 2415 1770 2450 ‚g
1815 2433 1818 2450 1

327 2447 452 2490 slmul
493 2448 807 2505 imperitabant,
852 2448 1042 2492 eiusdem
1080 2449 1280 2493 videlicet
1317 2449 1403 2493 duo
1445 2450 1535 2506 filii,
1577 2450 1701 2508 Step.
1722 2471 1726 2487 ι
1750 2470 1773 2496 ,ρ
1815 2452 1818 2506 J

326 2510 454 2560 atque
485 2503 802 2559 Constantinus,
832 2506 1028 2547 *necnon
1058 2512 1101 2548 et
1128 2505 1196 2548 hic
1227 2506 1280 2549 de
1311 2521 1395 2563 quo
1434 2507 1480 2550 in
1506 2507 1721 2565 presentia
1770 2528 1777 2557 ῃ
1815 2507 1818 2548 f

326 2573 464 2602 sermo
495 2567 572 2614 est,
603 2559 906 2603 Constantinus
925 2560 1082 2603 Leonis
1101 2562 1371 2626 imperatoris
1390 2562 1516 2606 filius.
1559 2563 1688 2607 Rexi
1717 2583 1721 2598 ι
1744 2582 1768 2614 η
1813 2559 1817 2608 .’

327 2615 471 2672 Hugo,
500 2614 579 2657 hac
607 2615 752 2658 audita
780 2615 1006 2672 legatione,
1036 2616 1208 2660 direcus
1236 2619 1390 2661 iterum
1421 2619 1596 2674 nuntiis,
1623 2619 1723 2662 Ro..
1744 2633 1763 2655 fx
1813 2622 1815 2662 ἴ

1714 1430 1774 1485 ²⁴?

327 2722 358 2758 a)
379 2724 486 2750 vulsus
507 2724 535 2751 5.
559 2725 607 2751 52.
629 2722 690 2751 5⁵⁸.
746 2724 778 2758 b)
794 2728 896 2752 suetos
909 2727 936 2752 l.
988 2725 1016 2759 e)
1033 2726 1242 2759 consciusque
1258 2735 1335 2754 corr.
1355 2728 1599 2760 conscissusque
1620 2728 1648 2755 1.
1700 2725 1732 2760 d)
1762 2755 1765 2757 ,
1810 2725 1814 2762 ζ

326 2762 434 2790 berete
457 2764 484 2789 1.
564 2761 594 2796 e)
615 2765 820 2800 απολοιεῐρον
842 2765 868 2792 3.
939 2763 963 2797 f>
986 2772 1012 2792 a.
1035 2764 1173 2799 Ρομανος
1195 2767 1222 2793 S.
1300 2766 1332 2800 g)
1354 2767 1388 2793 L.
1412 2769 1432 2794 i.
1455 2775 1518 2796 ουιν
1539 2764 1630 2802 (ὄιον)
1651 2773 1705 2794 τοι)
1810 2767 1813 2804 j

327 2800 467 2836 Ρομωου
488 2802 586 2828 filium
608 2803 676 2828 dico
698 2803 727 2829 8.
1810 2806 1812 2813 ¹

331 2887 367 2931 1)
394 2888 449 2923 Cf.
476 2889 686 2926 widukind.
715 2890 772 2924 111
801 2902 831 2925 c.
861 2892 917 2933 11,
943 2893 1173 2927 Hrotsvithae
1201 2894 1312 2928 Gesta
1338 2893 1500 2928 Oddonis
1525 2905 1560 2928 v.
1588 2894 1672 2928 ⁶75.
