1838 3210
504 282 772 317 PRAEFATIO
798 278 1040 316 EDITORIS.
1405 275 1511 310 XVII

24 396 218 442 siloemi
256 411 298 438 a.
340 395 447 438 1532
483 395 668 451 repetiit,
706 394 900 436 adhibito
937 399 1080 435 tamen
1109 392 1275 448 paucis
1316 391 1366 432 in
1409 389 1514 431 locis

19 452 187 508 j'codice
214 451 350 495 bonae
377 456 515 504 notae,
545 451 672 493 cuius
698 450 896 493 lectiones
923 449 974 491 in
1002 454 1119 491 teoetu
1148 449 1201 491 ab
1220 446 1323 490 inde
1341 460 1511 487 reman-

18 549 19 552 ,
41 514 203 551 serunt.
259 506 382 549 Nam
409 506 566 549 librum
594 506 886 548 Basileense‘m
914 506 1109 547 universi
1170 510 1288 547 ostea
1315 502 1514 554 editores,

42 564 190 607 Iustus
223 562 448 606 Reuberus
481 564 532 605 in
567 561 650 605 SS.
689 577 730 604 a.
771 560 880 604 1584
907 567 946 603 et
975 559 1097 615 1619,
1165 559 1392 603 aurentius
1421 558 1510 600 Ra-

8 619 172 662 ‚miv-ez
209 619 262 661 de
293 619 444 661 Prado
478 619 529 660 in
569 619 755 661 editione
798 617 834 660 Ο
867 632 987 659 erum
1014 615 1303 683 Liudprandi
1330 614 1513 656 Antver-

12 726 14 730 .
74 676 188 718 iensi
215 690 256 717 a.
289 674 410 727 1640,
442 673 650 718 C'hesnius
682 675 727 716 T.
757 673 812 715 ΙΙ
831 705 841 714 .
870 672 954 716 SS.
982 672 1298 715 Franczcorum
1327 685 1368 715 a.
1392 670 1515 722 1641,

19 770 23 781 „
68 745 231 774 oannes
266 730 316 772 in
352 745 468 773 nova
504 730 689 772 editione
725 729 828 773 Scri
860 735 1000 772 torum
1033 729 1221 771 Reuberi
1251 743 1293 770 a.
1325 725 1446 779 1726,
1476 730 1516 766 et

8 819 23 839 ..4
41 787 316 830 Muratorius
353 786 485 828 annis
521 785 630 828 1723
666 791 704 827 et
739 785 820 828 172
884 784 966 827 SS.
1005 784 1103 827 Ital.
1136 785 1179 827 T.
1210 784 1269 826 II.
1299 795 1513 839 eaepresse-

7 851 25 887 ,ἑ
41 849 161 896 runt,
195 842 288 884 nisi
323 841 439 899 quod
478 841 785 895 Muratorium,
821 840 968 883 allatis
1010 841 1124 884 Tom.
1163 841 1223 882 II.
1262 839 1318 881 B.
1349 837 1516 895 aliquot

42 899 237 942 codicum
275 897 664 941 Vindobonensium
690 897 761 939 *3⁸
789 902 828 939 et
854 895 927 938 3⁶*
955 895 1205 940 lectionibus
1232 896 1383 938 tertias
1411 892 1663 951 quo-‘¹²·²⁷³·

4 960 28 978 ·”
44 954 270 997 dammodo
301 955 423 1010 operi
457 968 587 996 curas
624 953 864 996 admovisse
893 953 1033 995 dicere
1055 953 1214 1008 possis.
1273 951 1517 993 Historiam

51 1009 220 1052 Ottonis
259 1023 312 1052 eae
345 1010 629 1051 monumentis
666 1007 947 1108 recudigecit
982 1008 1212 1051 Watterich
1242 1005 1518 1063 (Pontificum

4 1079 22 1121 j
42 1066 338 1110 Romanorum
365 1066 479 1107 vitae
499 1064 535 1119 1,
563 1065 762 1120 49—63).
851 1065 1060 1107 ersionem
1081 1063 1389 1107 Germanicam
1417 1076 1515 1118 ope-

11 1121 464 1222 ³ssumk0Liudpm⁷²di
498 1135 552 1163 eae
582 1126 714 1177 parte
743 1121 934 1178 paravit
969 1120 1077 1163 liber
1117 1120 1223 1163 baro
1266 1121 1319 1163 de
1369 1118 1515 1161 Osten-

31 1183 33 1187 ’
81 1193 133 1221 ac
186 1193 217 1219 n
235 1184 264 1219 ⁸.

156 1233 252 1275 Iam
289 1233 380 1274 tria
409 1238 514 1288 post
550 1231 724 1275 saecula
763 1247 878 1275 nova
913 1232 1044 1275 editio
1084 1233 1145 1275 ad
1171 1246 1370 1275 normam
1399 1235 1517 1273 auto-

44 1289 211 1348 graphi
238 1289 450 1341 instituta,
480 1294 688 1345 quantum
718 1303 746 1330 a
773 1288 951 1345 reliquis
981 1287 1168 1345 differat,
1197 1293 1356 1345 quanto
1387 1287 1517 1328 histo-

14 1346 141 1392 iriae
176 1344 391 1387 commodo
426 1344 519 1386 iam
549 1343 757 1401 prodeat,
788 1359 926 1401 penes
964 1344 1136 1388 lectores
1173 1344 1385 1388 iudicium
1420 1349 1518 1385 esto.

9 1400 332 1458 “Amplissima
355 1398 583 1443 lectionum
601 1405 748 1456 seqete,
805 1416 918 1454 uam,
948 1406 1047 1443 ante
1076 1417 1178 1444 uam
1198 1406 1385 1457 autoqra
1419 1399 1520 1440 lium

9 1456 109 1513 §fiad
135 1471 291 1500 manus
317 1457 514 1510 venisset,
543 1470 596 1498 ex
625 1456 767 1499 codici
792 1471 842 1499 us
868 1456 1021 1499 Bruaee
1055 1457 1240 1511 ensibus,
1269 1456 1363 1499 Lon
1396 1456 1518 1497 inen-

8 1510 164 1556 ³·1ibus
201 1518 240 1554 et
274 1511 521 1554 Austriacis
557 1511 822 1570 colleyeram,
857 1513 1016 1567 recisa,
1051 1528 1126 1555 eas
1161 1518 1328 1555 tantum
1365 1510 1521 1568 afferre

77 1568 238 1622 lacuit,
285 1567 400 1610 unde
448 1568 644 1610 diversas
691 1568 884 1610 codicum
930 1567 1088 1611 classes
1137 1582 1371 1625 aqnoscere
1410 1567 1520 1610 licet.

27 1651 33 1656 -ν
74 1623 169 1667 dem
214 1624 263 1666 in
311 1624 652 1690 corruptissimis
699 1625 935 1667 editionum
982 1623 1231 1668 lectionibus
1283 1623 1519 1667 observavi.

14 1703 24 1710 v
49 1679 171 1723 Auro
199 1680 313 1722 enim
334 1681 574 1736 purissimo
602 1680 783 1734 decocto,
813 1681 1000 1723 scoriam
1028 1680 1265 1738 relinquere
1293 1679 1482 1723 delectat.

39 1778 42 1782 ,
159 1735 217 1778 Le
249 1736 409 1778 ationis
442 1735 627 1778 libellum
656 1751 685 1777 a
716 1735 894 1779 Canisio
929 1752 1022 1779 una
1050 1753 1144 1779 cum
1173 1736 1391 1780 chronicis
1430 1734 1519 1778 Vic-

22 1790 157 1834 toris
235 1793 506 1834 unnunensis
548 1798 586 1832 et
625 1792 809 1834 Ioannis
852 1791 1143 1836 Biclariensis
1173 1791 1438 1850 Inqolstadii
1481 1806 1522 1833 a.

44 1845 161 1890 {1600
190 1848 258 1945 (g.
292 1846 502 1902 79—125)
531 1848 581 1889 in
618 1847 678 1889 4⁰
715 1848 948 1891 secundum
985 1849 1291 1906 apoqrapkum
1334 1847 1521 1891 Christo-

251 1903 406 1946 roweri
444 1903 513 1946 liic
534 1904 731 1960 primum
759 1903 1014 1961 evulgatum,
1053 1905 1237 1971 indeque
1266 1921 1295 1947 a
1323 1904 1524 1946 Baronio

22 1958 113 2013 ‘fid'
154 1975 196 2003 a.
232 1959 335 2013 968,
378 1959 624 2002 Muratorio
659 1959 743 2003 SS.
781 1960 841 2002 II.
885 1966 924 2003 et
966 1960 1206 2003 Niebuhrzo
1251 1961 1295 2003 T.
1332 1960 1408 2002 XI.
1439 1958 1523 2002 SS.

20 2015 49 2067 ἦ,
68 2019 236 2081 tyzant.
266 2017 502 2071 repetitum,
536 2016 626 2057 iam
655 2016 774 2058 edita
802 2015 1077 2073 Antapodosi
1105 2023 1142 2059 et
1172 2017 1374 2059 Historia
1409 2015 1523 2058 Otto-

23 2084 124 2126 §.⁴⁸²⁸
143 2069 429 2128 Liudprandi
458 2071 678 2114 scribendi
704 2073 915 2115 rationem
934 2078 971 2115 et
992 2079 1179 2116 textuum
1208 2074 1535 2128 corruptionem-

119 2127 231 2178 erti,
267 2127 475 2169 intactum
511 2126 766 2183 relinquere,
802 2127 898 2171 licet
934 2129 1078 2171 codice
1112 2130 1240 2172 unico
1280 2128 1527 2170 Trevirensi

64 2182 290 2249 eperdito,
319 2182 445 2239 nefas
466 2182 685 2238 duaeimus,
714 2189 838 2241 atque
858 2199 983 2242 opere
1002 2193 1196 2242 suscepto
1209 2190 1390 2241 praeter
1408 2198 1527 2240 spem

66 2242 85 2273 θ
137 2237 367 2281 εεόνεοῆίὶο
397 2238 597 2281 adiutore
611 2239 788 2295 factum
816 2246 888 2295 est,
917 2247 963 2283 ut
990 2240 1094 2283 locis
1123 2239 1345 2283 nonnullis
1374 2240 1527 2296 mayni

24 2309 57 2351 ᾗ
96 2294 252 2336 omenti
299 2300 499 2337 sanatum
527 2293 749 2338 lectoribus
782 2311 1030 2353 proponere
1056 2296 1195 2340 liceat.
1251 2296 1527 2353 Leqationem

92 2349 200 2391 ‘vore
229 2354 267 2392 et
295 2350 395 2393 odio
419 2350 597 2405 plenam
635 2366 779 2394 verum
815 2353 880 2394 sic
913 2367 1076 2410 quoque
1105 2353 1164 2395 ad
1198 2367 1342 2395 rerum
1377 2367 1424 2394 co
1458 2353 1525 2394 ni-

27 2419 54 2464 J
69 2405 211 2449 onem
239 2404 524 2449 utilissimam'
543 2406 808 2449 Niebuhriue
821 2408 1084 2474 praedicat;
1114 2414 1152 2451 et
1171 2408 1405 2465 Liudpran
1437 2408 1456 2450 i
1478 2408 1526 2450 in

87 2483 95 2497 ι
137 2463 330 2504 animum
358 2462 524 2519 vigoris
554 2468 591 2503 et
618 2462 883 2519 eloquentiae
910 2464 998 2507 sibi
1017 2471 1211 2521 paratae
1241 2464 1407 2521 apicem
1427 2465 1524 2507 atti-

30 2516 183 2574 isse,
209 2532 354 2560 rerum
381 2532 532 2561 earum
557 2519 743 2563 studiosi
769 2519 1034 2564 iudicabunt.

31 2619 99 2676 1)
127 2625 201 2660 Ans
232 2624 457 2670 Lindprandn
490 2626 666 2670 Werken,
699 2627 821 2663 Berlin
857 2627 949 2662 1858
984 2627 1091 2674 (inter
1123 2629 1530 2664 ‘Ge-chiehtuchreiber

45 2690 56 2698 -›
145 2673 339 2709 deutschen
363 2674 546 2718 venete).

167 2785 477 2829 BEROLINI
503 2786 622 2830 1839.
1110 2789 1163 2833 G.
1187 2790 1258 2856 H.
1272 2789 1472 2832 PERTZ.

228 2852 409 2896 HALIS
441 2853 558 2898 1876.
1088 2858 1138 2900 Ε.
1171 2858 1489 2901 DUMMELR.
