1838 3210
39 934 57 971 Κ

98 980 139 1136 §ms
98 869 139 912 φ
100 590 142 800 vsvs

20 524 29 547 ·;
104 479 141 521 1.

74 1206 138 1285 -Ξ

7 1284 138 1384 ᾗιι

17 1406 137 1492 ξω.

74 1541 137 1584 13.

36 1695 137 1752 ju.

18 1790 139 1894 sie

16 1905 138 2002 &ffi-

12 2011 137 2112 ᾗη.

24 2117 137 2203 lm.

38 2267 138 2342 qa

16 2414 139 2513 ξω.

18 2582 139 2658 Qm.

18 2687 138 2777 &ffl-

261 230 264 237 ι
311 259 613 296 LIUDPBANDI
637 257 986 294 ANTAPODOSIS.
1036 258 1131 293 LIB.
1160 258 1209 292 11.
1456 257 1504 292 25

203 371 506 417 INCIPIUNT
536 370 830 415 CAPITULA
859 370 1019 414 LIBRI
1047 369 1322 414 SECUNDI.

184 478 253 521 De
281 491 332 521 eo
361 476 477 534 quod
504 483 601 534 post
629 483 807 520 mortem
829 474 995 518 Arnulfi
1014 473 1252 518 Hlodoicus
1281 474 1393 518 filius
1413 475 1503 519 eius

184 548 262 577 rex
290 532 570 576 constituitur.

184 588 398 646 Hungarii
426 587 573 631 audita
600 602 703 631 nece
731 586 898 630 Arnulfi
927 587 1182 643 Bagoariam
1243 594 1373 630 etunt.

183 643 452 688 Hulodoicus
480 642 636 688 bellum
666 644 898 701 Hungariis
957 651 1049 686 arat
1076 643 1196 686 iuxta
1262 657 1503 686 emannum.

185 701 398 758 Hungarii
458 700 577 743 ositis
605 699 773 743 insidiis
801 699 916 742 Hulo
949 700 1030 742 oici
1060 698 1214 742 milites
1241 700 1430 743 vincunt.

184 756 223 800 F
284 757 373 800 iens
410 715 698 811 ffulodoieuffi
737 755 840 798 Hun
871 755 950 798 arii
987 755 1249 798 Francorum
1284 756 1505 799 Saxonum

186 771 494 857 etussuevorum
524 818 679 855 terram
708 811 838 869 depre
869 818 1006 855 antur.

180 868 251 912 De
279 867 505 912 rebellione
530 867 751 911 Adclberti
779 868 959 921 comitis,
989 873 1031 910 et
1060 867 1241 925 qualiter
1268 868 1506 926 decipiente

182 924 369 969 Hattone
398 924 719 981 archiepiscopo
749 924 804 967 sit
831 923 1077 967 decollatus.

182 980 487 1038 Exploratores
515 981 698 1037 regressi
727 979 842 1038 quod
872 979 1095 1023 consilium
1124 979 1329 1023 dederint.

184 1037 327 1091 Quare
347 1036 559 1094 Hungarii
587 1036 721 1079 territi
750 1036 804 1080 ab
824 1035 971 1079 Italiae
1000 1037 1193 1094 ingressu
1224 1037 1307 1079 sint
1330 1038 1502 1081 reversi.

185 1091 376 1147 Qualiter
405 1092 617 1149 Hungarii
646 1098 840 1150 reparato
869 1093 1061 1136 exercitu
1087 1093 1281 1136 venerint
1308 1100 1350 1136 et
1367 1092 1506 1138 Italici

183 1149 245 1192 eis
274 1149 544 1192 occurrerint.

183 1204 272 1249 Cur
311 1219 390 1248 rex
433 1205 543 1248 Bere
603 1205 717 1247 arius
755 1204 811 1247 ad
849 1203 1006 1248 bellum
1050 1219 1135 1247 non
1178 1205 1285 1258 ierit,
1323 1204 1391 1249 vel
1430 1220 1503 1249 cur

181 1260 378 1317 Hungari
406 1259 536 1304 Italos
582 1261 762 1318 ugerint.

181 1316 410 1416 {dlgientes
438 1317 598 1375 pagani
627 1315 867 1360 christianis
894 1330 1043 1374 pacem
1073 1323 1234 1374 petunt,
1264 1331 1391 1375 quam
1420 1333 1506 1362 non

268 1373 423 1416 uirunt.

179 1388 266 1472 Deq
278 1428 472 1487 proludio
502 1442 683 1485 pugnae,
714 1429 760 1471 in
790 1443 873 1487 quo
902 1429 1125 1473 vincerunt
1153 1429 1363 1487 Hungarii
1390 1439 1503 1489 post-

210 1499 309 1528 uam
421 1492 558 1527 erunt.

180 1499 251 1584 {e
278 1555 329 1584 eo
343 1485 474 1599 fgigiod
503 1547 679 1607 propter
707 1540 989 1598 defatigatos⁸¹
1018 1555 1152 1599 equos
1178 1556 1307 1599 super
1324 1541 1503 1586 fluvium

180 1597 383 1640 Brentam
432 1611 590 1655 pagam
639 1596 889 1640 christianos
937 1596 1299 1654 prestolarentur,
1357 1599 1503 1658 eisquc

213 1666 333 1696 acem
363 1659 614 1711 quaererent
624 1652 656 1707 b,
688 1667 816 1711 quam
845 1667 931 1695 non
960 1652 1179 1696 dederunt.

182 1668 311 1764 &uod
341 1707 564 1752 consilium
583 1708 797 1767 Hungarii
817 1709 872 1752 ob
893 1709 1232 1767 desperationem
1253 1710 1502 1768 invenerint,

182 1772 226 1809 et
254 1764 358 1823 quid
386 1765 584 1808 dixerint.
698 1778 702 1782 ’
1385 1816 1387 1818 ¹

183 1820 412 1876 Quomodo
450 1821 662 1877 Hungarii
700 1822 854 1879 positis
888 1820 1053 1864 insidiis
1090 1835 1218 1880 super
1254 1822 1505 1868 christianos

182 1877 378 1921 irruunte
406 1883 449 1920 et
476 1877 667 1920 vincunt.

224 1932 310 1976 uod
339 1933 559 1977 victoriam
600 1947 686 1976 non
713 1946 792 1990 pro
821 1947 967 1976 eorum
1006 1932 1274 1991 fortitudine,
1314 1936 1388 1980 sed
1426 1951 1504 1995 pro

181 2004 205 2033 c
260 1990 506 2032 'stianorum
535 1996 712 2047 peccato
742 1987 979 2033 habuerint.

182 2044 309 2100 Quod
338 2059 389 2088 eo
418 2052 610 2103 tempore
631 2044 895 2089 Hulodoicus
924 2061 1001 2089 rex
1020 2046 1283 2090 Francorum
1313 2049 1503 2104 moritur,

182 2108 225 2145 et
254 2100 507 2145 Chunradus
536 2115 614 2168 pro
644 2116 695 2144 eo
725 2099 956 2146 ordinatur.

181 2157 266 2212 Qui
294 2156 372 2200 sub
402 2172 451 2201 eo
488 2157 702 2216 principes
743 2165 873 2213 erant,
910 2159 1020 2202 inter
1055 2172 1160 2216 quos
1197 2165 1239 2202 et
1277 2159 1504 2203 Heinricus

183 2213 402 2258 Saxonum
431 2212 521 2256 dux
550 2219 652 2257 erat.

182 2269 251 2313 De
280 2283 331 2313 eo
361 2269 476 2328 quod
504 2269 733 2313 Heinricus
761 2277 803 2314 ct
832 2271 987 2313 caeteri
1058 2271 1243 2330 rincipes
1273 2270 1503 2315 Chunrado

183 2324 478 2370 rebellaverint
515 2326 620 2383 regi,
656 2333 699 2370 et
726 2325 780 2368 ab
811 2340 861 2369 eo
895 2327 998 2370 victi
1074 2327 1194 2383 erint,
1223 2335 1265 2372 et
1294 2329 1395 2387 quia
1423 2329 1502 2371 Ar-

181 2380 333 2425 naldus
362 2381 405 2424 in
435 2381 701 2439 Hungariam
730 2382 928 2440 fugeritd.

184 2436 466 2482 chuonradus
496 2452 572 2481 rex
600 2438 786 2481 moriens
815 2438 1030 2496 principes
1060 2453 1206 2483 omnes
1236 2440 1288 2483 de
1313 2453 1433 2499 pace,
1462 2448 1505 2484 et

181 2499 229 2537 ut
266 2493 516 2537 Heinricum
552 2508 698 2552 regem
735 2495 1007 2551 constituant,
1049 2495 1313 2551 exhortatur,
1355 2497 1423 2539 cui
1461 2503 1504 2541 et

183 2548 343 2607 regalia
373 2558 618 2594 ornamenta
647 2551 903 2595 transmittit.

185 2605 440 2649 Chuonrado
470 2620 571 2663 rege
601 2613 780 2659 mortuo,
820 2606 1032 2651 Arnaldus
1060 2607 1115 2652 ab
1145 2608 1368 2666 Hungaria
1396 2608 1505 2653 rodit

182 2669 311 2720 atque
340 2661 540 2705 Heinrico
570 2663 660 2728 regi
690 2661 847 2707 bellum
877 2672 1011 2721 parat.

183 2717 411 2761 Heinricus
455 2716 632 2762 Amaldi
676 2719 864 2762 animum
915 2719 1243 2778 prudentissima
1291 2720 1503 2765 locutione

182 2774 360 2831 mitigat.

72 2921 252 2957 desaltato·
275 2926 300 2951 ι.
382 2925 413 2959 b)
435 2929 598 2962 quererent
621 2928 648 2956 ι.
731 2926 758 2961 ο)
781 2927 880 2955 imm
902 2929 928 2955 ι.
1010 2928 1041 2962 d)
1064 2928 1198 2962 fugerint
1222 2931 1246 2955 1.
