1838 3210
170 371 215 406 ’μ
231 374 294 399 340.

228 570 297 637 „2³⁶3

214 2128 270 2154 961
287 2146 295 2155 .

315 227 382 258 124
580 222 881 257 LIUDPRANDI
910 220 1139 255 HISTORIA
1167 218 1384 253 O'I'TONIS.
1440 219 1545 251 1-2.

311 362 813 419 mmmm-Nm
839 360 1069 415 LIBER
1094 359 1200 414 DE
1226 357 1474 415 REBUs
1502 356 1775 416 GEs'ns
1802 319 1819 409 [ἶ

579 470 837 515 OTTONIS
867 468 1062 512 MAGNI
1091 458 1542 513 IMPERATORIS·.

426 566 461 607 1.
504 562 795 620 Regnantibus
810 562 840 615 b,
885 562 1014 603 immo
1059 561 1365 615 saevientibus,
1408 561 1454 603 in
1494 558 1638 616 Italia,
1676 568 1719 606 et

310 620 452 663 verius
482 620 692 663 fateamur
721 617 989 675 tyrannidem
1026 616 1338 670 exercentibus,
1375 617 1637 675 Berengario
1674 623 1829 679 atque

310 675 556 728 Adalberto,
586 674 798 717 Iohannes
836 687 1027 715 summus
1065 672 1258 730 pontifex
1295 680 1337 715 et
1371 670 1623 716 universalis
1681 681 1811 742 av,

312 731 433 774 cuius
453 737 553 773 tunc
573 729 779 774 aecclesia
800 729 1140 786 supradictorum
1161 729 1412 785 Berengarii
1436 735 1565 787 atque
1582 728 1626 772 A
1708 751 1717 768 ο
1736 751 1755 769 ῃ
1784 751 1793 767 .
1808 748 1825 791 j

313 787 506 829 sevitiam
536 793 624 829 erat
654 793 843 843 experta,
873 786 1043 827 nuntios
1074 792 1247 827 sanctae
1275 784 1495 828 Romanae
1530 784 1818 848 aeeclesiaess,

311 841 544 885 Iohannem
573 841 774 885 videlicet
804 840 1060 883 cardinalem
1090 841 1324 894 diaconem,
1365 847 1406 884 et
1433 839 1630 884 Azonem
1664 862 1708 878 -ι
1728 842 1741 854 ⁹

311 899 460 952 arium,
491 897 760 940 serenissimo
799 905 925 953 atque
954 897 1148 954 piissimo
1178 904 1281 939 tunc
1320 897 1425 953 regi,
1466 910 1581 940 nunc
1620 911 1666 941 a»
1685 918 1698 949 2
1719 919 1751 935 ¹·-

313 955 459 1008 cesari,
497 954 644 996 Ottoni
676 953 916 1006 destinavit,
953 952 1204 1010 suppliciter
1237 950 1388 995 litteris
1424 960 1467 996 et
1498 966 1641 997 rerum
1677 975 1681 990 :
1714 975 1755 1005 2·
1791 963 1812 965 “

313 1024 450 1063 orans,
494 1010 693 1066 quatinus
735 1009 803 1051 dei
874 1023 919 1050 ro
960 1022 1104 1051 amore
1144 1014 1473 1075 sanctorumque
1514 1008 1707 1066 apostolo
1741 1030 1792 1048 ιιι

310 1066 427 1108 Petri
456 1072 499 1108 et
525 1064 660 1119 Pauli,
693 1079 800 1123 quos
861 1063 1082 1107 elictorum
1113 1079 1285 1107 suorum
1316 1071 1510 1122 cupierat
1535 1079 1629 1109 esse
1690 1087 1700 1104 -.
1717 1066 1764 1103 ..“

312 1136 441 1175 sores,
471 1136 516 1164 se
545 1121 712 1177 sibique
742 1121 1013 1163 commissam
1044 1127 1232 1163 sanctam
1263 1120 1502 1164 Romanam
1530 1119 1729 1179 eclesiam
1756 1127 1814 1172 aqi

310 1191 456 1219 eorum
485 1176 682 1219 faucibus
709 1175 919 1230 liberaret,
949 1191 999 1218 ac
1031 1175 1155 1219 saluti
1186 1183 1227 1219 et
1254 1175 1444 1220 libertati
1460 1177 1666 1234 pristinae
1683 1178 1815 1230 ι’θεῒί,

309 1239 447 1275 tueret
460 1239 487 1274 ².
545 1233 667 1275 Haec
697 1232 799 1274 dum
829 1233 1010 1275 Romani
1046 1233 1184 1274 nuntii
1214 1240 1544 1298 conqueruntur,
1582 1233 1652 1277 vir
1677 1249 1750 1277 va·
1772 1255 1781 1272 ι
1805 1245 1838 1274 1

310 1287 454 1331 rabilis
494 1288 790 1345 Waldpertus,
825 1297 996 1331 sanctae
1024 1287 1356 1331 Mediolanensis
1386 1287 1566 1333 eclesiae
1596 1285 1838 1348 archiepi}

311 1358 466 1400 scopus
479 1352 508 1398 ³,
555 1345 786 1387 semivivus
823 1359 879 1387 ex
908 1344 1197 1400 predictorum
1237 1342 1355 1387 rabie
1384 1343 1637 1403 Berengarii
1671 1352 1765 1406 atq
1788 1355 1838 1414 ιζ’·

310 1398 530 1442 Adelberti
571 1399 785 1453 liberatus,
829 1401 1026 1457 superius
1064 1400 1287 1443 memorati
1322 1400 1505 1456 Ottonis,
1546 1409 1651 1445 tunc
1686 1401 1838 1454 re‘st

308 1470 422 1498 nunc
452 1456 608 1498 cesaris
637 1456 819 1512 augusti,
850 1457 1084 1512 potentiam
1113 1456 1231 1508 adiit,
1259 1456 1467 1510 indicans,
1496 1472 1542 1502 se
1569 1472 1658 1501 non
1688 1461 1811 1509 οπιῇ

309 1511 418 1553 ferre
453 1517 494 1554 et
527 1512 618 1568 pati
655 1512 904 1567 Bercngarii
942 1519 1070 1568 atque
1106 1511 1328 1554 Adelberti
1365 1527 1535 1556 necnon
1569 1521 1612 1557 et
1660 1517 1739 1551 ”l
1759 1535 1764 1550 r
1786 1536 1807 1551 ιι

310 1568 544 1621 saevitiam,
618 1582 698 1610 uae
736 1567 994 1611 Mannassen
1033 1567 1325 1611 Arelatensem
1364 1569 1617 1628 episcopum
1654 1585 1759 1629 con·
1786 1578 1811 1627 τί

309 1623 376 1665 ius
405 1623 555 1680 fasque
584 1623 610 1664 B
632 1622 890 1666 ediolanensi
929 1623 1019 1666 sedi
1057 1624 1306 1680 prefecerat.
1363 1624 1522 1669 Aiebat
1549 1640 1664 1682 sane,
1692 1625 1806 1676 hans

310 1678 488 1721 eclesiae
517 1693 619 1721 suae
649 1694 741 1721 esse
762 1679 1057 1732 calamitatem,
1118 1695 1211 1734 uae,
1241 1680 1358 1737 quod
1377 1695 1422 1724 se
1442 1694 1753 1740 suosquecav-
1786 1690 1805 1737 ᾗ

311 1741 535 1791 oporteret,
563 1735 848 1792 interciperet.
909 1735 996 1778 Sed
1014 1735 1100 1778 Wa
1117 1736 1172 1779 do
1193 1735 1413 1780 Cumanus
1441 1737 1586 1795 episco
1618 1751 1797 1795 usum«

342 1791 422 1832 one
454 1797 518 1833 est
545 1797 728 1845 secutus,
762 1806 847 1834 non
877 1791 1090 1848 disparem
1119 1806 1146 1834 a
1173 1792 1448 1849 Berengario,
1486 1752 1617 1837 Adai,
1699 1806 1701 1808 ’
1768 1801 1803 1853 J

309 1804 452 1899 gVilla,
483 1861 612 1903 quam
641 1846 930 1904 Waldpertus,
961 1846 1260 1890 contumeliam
1286 1847 1508 1892 clamitans
1527 1863 1573 1893 se
1592 1864 1691 1894 esse«
1705 1864 1793 1908 per

310 1915 482 1958 pessum
492 1910 522 1944 ⁴.
582 1903 798 1945 Venerant
841 1911 883 1946 et
924 1903 1116 1946 nonnulli
1158 1903 1332 1946 alterius
1376 1904 1537 1948 ordinis
1580 1921 1637 1950 ex
1678 1906 1703 1950 I
1728 1925 1733 1942 2
1786 1938 1798 1952 2

309 1957 405 2011 viri,
446 1972 552 2015 quos
590 1959 700 2001 inter
735 1958 909 2001 illustm’s
944 1960 1134 2002 marchio
1165 1959 1396 2003 otbertus-'0
1426 1975 1525 2005 cum
1553 1961 1803 2020 apostolic-'J

310 2020 554 2056 cucurrerat
595 2014 765 2068 nuntiis,
809 2029 834 2056 a
871 2016 1138 2058 sanctissimo
1179 2015 1356 2071 Ottone,
1398 2023 1502 2060 tunc
1538 2031 1642 2076 rege
1687 2032 1735 2061 n·
1759 2018 1805 2070 1⁴²)

309 2076 491 2125 augusto
522 2084 679 2124 cesare,
710 2070 946 2125 consilimn,
976 2070 1183 2113 auxilium
1213 2087 1268 2114 ex
1302 2078 1433 2115 etens.

421 2125 460 2167 2.
505 2125 671 2167 Horum
714 2126 858 2183 itaque
901 2142 979 2170 rex
1015 2128 1233 2184 piissimus
1291 2129 1512 2172 acrimosis
1553 2129 1796 2188 quaestib

309 2178 546 2235 inclinatus,
575 2196 661 2223 non
691 2196 801 2238 quae
832 2198 908 2225 sua
937 2183 1012 2226 sed
1043 2198 1151 2240 quae
1171 2183 1271 2226 Iesu
1292 2183 1450 2228 Christi
1476 2191 1576 2228 sunt
1594 2198 1646 2229 co
1679 2186 1689 2196 ”
1720 2205 1756 2223 ιι
1775 2207 1781 2223 ;

310 2234 443 2277 filium
482 2251 607 2278 suum
646 2236 728 2279 sibi
765 2239 1050 2295 aequivocum
1089 2245 1234 2282 contra
1276 2254 1439 2283 morem
1511 2239 1636 2284 uerili
1665 2256 1718 2285 us
1757 2241 1799 2293 ‘u

309 2291 432 2333 annis
460 2306 606 2348 regem
642 2294 915 2348 constituens,
956 2309 1055 2337 eum
1092 2295 1138 2337 in
1168 2296 1359 2338 saxonia
1395 2256 1670 2355 dereiiiquitq
1706 2297 1797 2356 ip

310 2345 498 2389 collectis
535 2348 667 2404 copiis
703 2349 871 2392 Italiam
909 2351 1096 2406 percitus
1131 2352 1260 2394 venit.
1320 2352 1407 2405 Qui
1441 2358 1559 2396 tanto
1587 2352 1651 2396 Be
1682 2372 1694 2391 2
1712 2373 1719 2390 ι
1736 2373 1749 2404 ;
1782 2366 1788 2373 ‘

309 2454 340 2487 a)
364 2455 512 2487 inscriptio
533 2455 687 2482 INCIPIT
708 2457 829 2483 LIBER
853 2458 1053 2486 SEPTIMUS
1076 2460 1131 2485 DE
1154 2460 1284 2487 REBUS
1307 2459 1484 2488 OT'roms
1505 2464 1580 2487 mae
1590 2462 1712 2488 non-m
1724 2462 1757 2488 in

309 2497 334 2519 ει
357 2494 409 2520 5⁸..
441 2494 616 2521 Divi-wionem
637 2497 761 2528 capitum
783 2504 856 2529 quae
878 2499 907 2523 in
929 2499 1070 2524 codicibus
1091 2500 1278 2530 desideratur,
1303 2501 1424 2526 institui.
1488 2499 1521 2534 b)
1539 2500 1626 2527 coda
1644 2501 1663 2528 8
1683 2502 1716 2528 in
1778 2507 1784 2521 s

308 2533 506 2566 waldpertus
526 2537 650 2560 sanctae
673 2536 794 2561 orditur.
876 2537 904 2570 c)
927 2544 955 2564 e.
977 2538 1006 2563 in
1019 2539 1082 2571 fine
1103 2539 1220 2564 deletum
1243 2541 1269 2566 1.

311 2620 350 2665 1)
367 2623 450 2664 XII,
477 2625 706 2668 Octavianus,
731 2628 892 2661 Alberici
916 2628 1009 2662 filius
1028 2629 1270 2674 (955-964).
1348 2630 1386 2674 2)
1404 2632 1560 2666 Eosdem
1576 2632 1717 2677 legato·
1747 2651 1773 2662 ιψι

308 2672 446 2705 minant
473 2674 694 2707 continuator
719 2677 847 2720 Regin.
874 2687 909 2710 a.
928 2677 1011 2717 960,
1038 2678 1228 2712 Benedicti
1256 2680 1385 2714 Chron.
1413 2692 1443 2714 c.
1461 2681 1521 2723 35,
1543 2681 1637 2716 Anu.
1653 2679 1782 2716 Bilis

308 2719 415 2754 heim.
442 2721 524 2763 960,
553 2722 597 2756 cf.
625 2723 716 2756 infra
743 2735 771 2758 c.
800 2726 856 2758 20.
935 2724 974 2768 3)
1001 2726 1231 2770 waldpertus
1257 2729 1342 2762 inde
1368 2730 1413 2763 ab
1440 2740 1535 2764 anno
1551 2730 1623 2764 95³
1650 2751 1665 2758 -ι
1712 2748 1717 2759 ·
1746 2745 1789 2776 ¹„

307 2769 345 2801 in
370 2768 456 2802 sede
482 2769 743 2806 Mediolanensi
769 2776 951 2815 successit,
978 2773 1021 2807 de
1050 2786 1118 2818 quo
1139 2776 1184 2808 cf.
1203 2778 1285 2812 Ant.
1304 2778 1355 2812 IV
1373 2789 1405 2812 c.
1423 2778 1458 2811 6.
1558 2778 1599 2823 4)
1617 2779 1673 2814 ef.
1691 2789 1749 2814 sn
1771 2779 1775 2782 ’

306 2818 438 2862 Antap.
465 2818 498 2851 V
524 2829 555 2851 c.
583 2819 642 2853 29.
743 2822 781 2865 5)
809 2823 836 2855 A
864 2834 932 2866 quo
959 2824 1183 2858 marchiones
1209 2827 1379 2860 Estenses
1405 2827 1579 2871 originem
1604 2833 1697 2862 trax
1732 2844 1749 2856 ἰ
1770 2823 1795 2855 sss‘

308 2862 347 2901 6)
373 2866 416 2899 Α.
443 2866 511 2899 961
542 2867 600 2901 die
626 2869 685 2903 26.
712 2871 800 2903 Maii
827 2882 937 2905 mens.
964 2872 1180 2915 Aquisgrani
1207 2874 1290 2909 Otto
1317 2875 1356 2908 11
1382 2886 1443 2909 rex
1471 2881 1658 2912 coronatus
1683 2881 1749 2912 est.
1770 2864 1784 2898 ‘J
1824 2900 1830 2948 ἐ
