1838 3210
235 223 540 257 LIUDPRANDI
566 221 914 257 ANTAPODOSIS.
964 221 1059 255 Lm.
1086 221 1129 254 V.
1181 221 1338 254 31-32.
1467 221 1534 253 117

66 356 87 370 ··
109 336 244 390 niam
273 333 457 392 quidem,
487 340 669 376 vocante
698 332 884 387 domino,
914 333 1036 376 brevi
1065 346 1143 375 rex
1173 331 1246 373 Hu
1280 347 1304 373 o
1334 332 1449 374 viam
1471 339 1537 376 est
1549 347 1617 374 ⁹4⁷.

51 402 65 447 ᾗ,
124 391 179 435 is
207 391 430 433 universae
450 390 669 447 ingressus
681 396 711 442 ¹,
742 389 896 431 Bertae
915 389 1035 445 nepti
1054 402 1156 430 suae
1172 396 1199 441 ¹,
1269 387 1411 429 osonis
1430 387 1536 431 Are·
1552 387 1598 415 ¹⁰·
1614 388 1689 422 Apr-

91 447 210 490 nsis
238 446 404 489 comitis
432 446 600 499 viduae,
629 446 812 502 pecunia
840 444 1056 487 derelicta.
1105 443 1246 497 Quam
1267 444 1394 486 etiam
1415 444 1536 487 brevi

52 507 80 559 fg·
99 504 177 547 tio
219 501 528 557 intercedente,
573 508 832 544 memoratus
874 500 1157 554 Raimundus,
1198 500 1534 556 inpurissimaeb

63 565 176 602 amus
203 559 351 615 prince
383 572 404 600 s
432 558 637 615 inpurior,
675 557 758 599 sibi
794 557 990 601 maritam
1029 555 1252 610 effecerat3
1290 555 1410 598 cuius
1447 570 1534 598 non

59 614 175 658 'lum
219 628 353 657 concu
385 615 447 656 itu
490 629 638 656 verum
683 615 811 656 etiam
851 611 996 655 osculo
1034 611 1274 668 indignum,
1318 610 1534 668 elegantes

64 692 69 708 2
114 685 270 713 ..arum
299 670 563 727 inspectores
592 670 719 712 etiam
748 676 877 726 atque
907 669 1036 711 etiam
1067 668 1331 711 confirmant.

40 761 59 782 v,
149 726 216 771 32.
274 726 415 768 Huius
453 725 533 768 hoc
575 726 619 767 in
662 732 854 783 tempore
897 739 1036 779 soror,
1080 723 1331 780 Berengarii
1373 722 1623 770 scilicet(15-)

62 798 81 819 ἰ’
96 796 147 826 or
172 780 325 836 Willa,
395 796 493 824 assa
530 790 594 825 est
631 782 792 824 crimen
830 781 993 823 incesti.
1052 779 1179 834 Quod
1219 780 1279 822 ita
1313 779 1533 835 accidisse,

41 833 67 873 ἰ
149 837 287 881 solum
315 852 340 879 a
390 839 443 880 'ci
472 837 543 880 vel
571 836 835 890 cubicularii,
875 851 1024 879 verum
1063 850 1172 879 aucu
1206 850 1251 878 es
1281 842 1325 878 et
1352 835 1535 893 cupede-

115 895 172 936 ·i¹
203 893 399 937 clamant.
450 894 614 937 Habuit
633 908 684 936 ea
701 892 1028 950 presbiterulum
1050 906 1157 959 cape
1189 906 1332 946 anum,
1362 892 1534 934 nomine

42 950 335 1005 „iominicum,
381 957 543 993 statura
584 949 774 1003 brevem,
820 948 961 992 colore
1004 947 1269 1005 fuligineum,
1312 948 1534 1003 rusticum,

45 1028 74 1044 »·-
92 1007 278 1062 Rerum,
307 1005 548 1060 indocilem,
577 1013 802 1063 agrestem,
842 1005 1086 1059 barbarum,
1126 1003 1294 1059 durum,
1323 1002 1534 1058 villosum,

46 1056 267 1115 -u·itum‚
296 1061 515 1120 petulcum
528 1068 557 1116 ³,
588 1062 799 1114 insanum,
821 1060 1036 1115 rebellem,
1056 1061 1272 1118 iniquum3
1304 1060 1426 1103 cuius
1447 1075 1535 1102 ma-

54 1116 209 1162 ”’ωι·ἰο
246 1117 355 1161 duas
384 1116 515 1161 Willa
549 1117 921 1160 commendaverat
958 1123 1123 1173 gnatas,
1164 1115 1330 1159 Gislam
1374 1116 1535 1159 scilicet

46 1217 48 1219 ,
86 1189 160 1217 ue
181 1173 437 1231 Girbergam
446 1181 476 1228 ⁴,
506 1180 554 1216 ut
583 1187 655 1216 eas
683 1172 921 1216 litterarum
951 1173 1130 1215 scientia
1150 1179 1355 1238 epotaret.
1397 1172 1533 1215 Occa-

46 1237 152 1274 ''one
180 1231 239 1274 ita
272 1244 326 1273 ue
353 1228 604 1287 puellarum,
645 1244 751 1286 quas
781 1228 992 1287 presbiter
1020 1228 1291 1278 Dominicus‚
1330 1228 1532 1283 hirsutus,

48 1310 66 1322 Ὶι
93 1293 202 1341 otus,
230 1244 366 1330 {3oeoe
395 1285 588 1340 docebat,
619 1291 756 1328 mater
784 1286 823 1328 ei
851 1300 929 1342 pro
961 1285 1160 1328 itiaverat
1172 1293 1201 1340 ⁰,
1239 1283 1432 1328 tribuens
1462 1284 1533 1326 de-

48 1340 53 1376 Ῐ“
98 1349 208 1386 tum
238 1340 383 1385 cibum
413 1348 639 1400 vestesque
666 1343 895 1398 preciosas.
970 1341 1090 1383 {irari
1120 1355 1281 1396 omnes,
1312 1355 1389 1383 cur
1409 1355 1534 1383 cunc-

48 1409 78 1453 ss‘»
124 1398 276 1453 invisa,
319 1398 500 1455 ingrata,
545 1406 688 1453 tenaX,
733 1398 832 1440 huic
870 1397 1073 1440 existeret
1109 1395 1243 1454 larga.
1312 1396 1533 1440 Sententia

48 1458 175 1500 {men
204 1455 406 1507 veritatis,
437 1468 547 1511 quae
575 1454 656 1496 ait:
687 1453 815 1495 ‘Nihil
846 1460 1040 1510 opertum
1094 1453 1181 1496 uod
1200 1467 1287 1495 non
1306 1451 1531 1508 reveletur,
1545 1467 1749 1503 Matffl.1o‚2e.

103 1508 294 1554 ocultum
325 1510 439 1568 quod
463 1525 550 1552 non
571 1510 615 1552 in
634 1508 857 1567 publicum
878 1510 1049 1563 veniat’,
1064 1467 1153 1552 1iliu
1173 1509 1319 1551 mirari
1339 1508 1533 1553 homines

70 1616 75 1619 ,
97 1580 160 1609 sa
197 1580 283 1608 non
323 1574 399 1609 est.
457 1565 568 1608 Nam
609 1580 707 1607 cum
747 1572 872 1609 nocte
941 1565 1120 1620 undam,
1160 1564 1298 1608 Beren
1331 1566 1422 1607 ario
1461 1565 1535 1609 ab·

61 1627 164 1676 zato,
193 1622 250 1665 ad
279 1621 418 1666 cubile
447 1622 708 1665 dominicum
738 1636 855 1664 more
886 1635 933 1664 so
951 1621 1010 1664 ito
1039 1620 1228 1664 hirsutus
1247 1579 1384 1663 isdgem
1405 1620 1536 1665 vellet

58 1677 83 1726 J
110 1677 249 1733 edere,
290 1678 409 1721 canis
450 1676 574 1721 isthic
613 1676 780 1732 aderat,
821 1678 894 1736 qui
932 1677 1087 1720 latratu
1124 1676 1317 1720 horribili
1353 1677 1534 1720 circum-

101 1742 219 1778 entes
249 1734 430 1777 exitavit
441 1735 474 1788 ἅ,
503 1733 702 1791 huncque
731 1748 875 1776 morsu
904 1733 1145 1777 vehementi
1173 1732 1362 1776 laniavit.
1422 1732 1534 1777 Con-

138 1797 256 1833 entes
286 1789 470 1848 denique
501 1791 573 1848 qui
604 1790 647 1832 in
677 1790 804 1832 domo
835 1797 967 1844 erant,
1007 1804 1106 1832 cum
1145 1803 1243 1832 eum
1273 1789 1533 1846 conprehen-

58 1868 90 1899 :‚.·-’
118 1854 193 1900 nt,
223 1852 277 1900 et,
307 1860 392 1914 quo
422 1847 515 1899 iret,
544 1847 864 1903 interrogarent,
898 1844 1212 1904 apologeticum
1243 1845 1358 1889 istud
1388 1846 1534 1887 antici-

55 1934 76 1947 .
101 1901 176 1945 cdo
215 1901 389 1946 domma
426 1901 566 1946 dedit:
615 1901 699 1944 ‘Ad
737 1900 935 1945 mulieres
970 1909 1138 1945 nostras
1176 1900 1267 1945 ibat
1299 1901 1531 1959 perditus'!

54 1974 87 2010 ψ
107 1972 222 2001 ‚rans
249 1958 395 2016 itaque
424 1957 730 2016 presbiterulus
770 1957 852 2001 sibi
881 1956 1018 2001 lenius
1047 1958 1151 2012 fore,
1183 1958 1220 2000 si
1248 1963 1412 2001 teneret
1440 1973 1532 2000 sen—

63 2014 215 2057 ..eiam
236 2013 452 2058 dominae:
474 2014 553 2057 ‘Ita
572 2021 648 2067 est,
668 2014 873 2072 inquam'.
909 2013 1038 2072 Cepit
1056 2014 1200 2071 itaque
1222 2013 1396 2056 domina
1415 2014 1531 2056 vitae

57 2082 124 2112 ·us
154 2069 361 2122 insidiari,
389 2071 686 2129 premiumque
716 2070 975 2128 promittere,
1005 2070 1041 2113 si
1070 2076 1194 2124 esset,
1225 2070 1299 2127 qui
1329 2070 1369 2112 ei
1397 2069 1531 2112 vitam

55 2143 75 2161 ··
106 2132 230 2170 erret.
277 2124 363 2170 Sed
393 2141 491 2169 cum
521 2126 718 2169 timerent
746 2124 874 2168 deum
896 2140 1055 2178 omnes,
1086 2133 1128 2168 et
1147 2140 1261 2168 mors
1281 2125 1372 2168 eius
1391 2124 1532 2168 differ-

60 2183 72 2217 ἶ.
108 2202 115 2218 ·
151 2214 162 2237 ,
190 2183 385 2239 pervenit
413 2182 469 2225 ad
496 2182 804 2248 Berengarium
835 2197 986 2225 sermo.
1031 2180 1163 2225 Willa
1183 2196 1283 2225 vero
1304 2182 1418 2239 cepit
1436 2196 1531 2224 aru-

56 2238 173 2282 sices
202 2238 506 2296 maleficosque
534 2238 760 2296 inquirere,
792 2252 877 2303 quo
907 2252 1055 2280 eorum
1084 2237 1344 2280 carminibus
1364 2238 1530 2280 iuvare-

60 2314 83 2343 ,τι
103 2325 114 2338 .
161 2293 317 2338 Utrum
346 2301 490 2338 autem
511 2294 662 2337 horum
684 2293 943 2337 carminibus
962 2308 1018 2336 an
1038 2293 1287 2351 Berengarii
1306 2294 1362 2338 sit
1386 2292 1532 2336 adiuta

56 2353 58 2355 ’
87 2348 236 2405 llicie,
265 2349 374 2393 adeo
402 2365 521 2395 mens
550 2350 641 2393 eius
671 2357 735 2393 est
763 2348 977 2403 inclinata,
1008 2355 1055 2392 ut

74 2418 81 2422 ’·
285 2414 437 2464 sponte
468 2404 649 2449 maritali
679 2406 917 2463 porrigeret
945 2419 1020 2448 ora
1049 2405 1234 2462 capistro
1247 2411 1275 2447 ⁸.

58 2487 74 2514 <2
101 2460 343 2505 ibim-ulus
371 2462 530 2520 itaque,
560 2461 661 2519 quia
690 2461 887 2505 dominae
915 2460 1127 2505 asseculas
1152 2461 1403 2514 adhinnivit,
1433 2461 1531 2503 viri—

60 2526 226 2579 ¹¹{laurento
250 2547 275 2572 1.
328 2545 359 2579 b)
381 2546 603 2578 {apadno-imae
624 2553 701 2572 corr.
724 2546 941 2579 inparia-imno
964 2547 992 2573 1.
1043 2545 1071 2579 e)
1091 2549 1114 2572 t.
1137 2546 1165 2573 d.
1190 2554 1216 2575 e.
1238 2553 1265 2571 v.
1288 2554 1317 2579 p.
1341 2545 1381 2571 M.
1406 2552 1432 2573 ο.
1455 2552 1480 2572 c.
1504 2553 1529 2573 ο.

65 2612 72 2623 ,Δ
87 2585 188 2612 domm
210 2585 237 2612 b.
260 2586 313 2611 δι.
395 2585 425 2618 d)
447 2585 536 2612 inuito
560 2599 593 2605 -
618 2585 748 2612 eximuit
768 2585 869 2611 decime
891 2586 919 2613 5.
943 2586 1001 2613 bn.

67 2636 70 2638 ’
99 2648 253 2683 Bononi·
279 2648 396 2682 fram·
422 2648 528 2689 tiliae,
555 2649 602 2683 ef.
628 2659 735 2694 supra
760 2649 810 2683 1v
838 2660 870 2683 c.
898 2649 955 2682 10.
1057 2649 1093 2692 2)
1119 2649 1201 2682 Ter.
1228 2649 1319 2682 Eun.
1346 2648 1395 2689 11,
1415 2649 1447 2689 2,
1471 2648 1528 2682 2⁶.

99 2696 155 2731 Cf.
181 2707 304 2731 versu·
330 2696 460 2732 Ovidio
488 2698 621 2732 Nasoni
647 2698 798 2732 tributos
825 2697 1060 2742 (Anthologia
1086 2697 1149 2731 lat.
1169 2697 1226 2730 ed.
1244 2698 1352 2731 Riese
1372 2708 1404 2731 c.
1425 2697 1527 2738 682„

59 2743 65 2765 ἶ
98 2746 115 2780 1
144 2746 290 2780 Rustico
317 2770 326 2780 .
354 2771 361 2779 .
390 2771 398 2787 ,
426 2746 447 2778 2
474 2769 484 2780 .
512 2770 521 2781 .
550 2771 558 2780 .
587 2746 731 2781 caudite
758 2746 914 2791 petulco,
945 2746 966 2780 8
995 2747 1159 2790 Saetiger
1183 2746 1350 2780 indocilis
1376 2747 1529 2790 agi-entis

97 2792 184 2830 bue
211 2794 310 2835 dure,
336 2794 358 2827 4
386 2818 395 2828 .
424 2820 433 2830 .
459 2794 587 2830 villone
614 2819 623 2831 .
650 2820 659 2830 .
735 2796 774 2838 ⁴)
801 2795 903 2829 Duae
931 2794 1026 2829 filiae
1054 2794 1198 2828 wissam
1226 2805 1260 2828 a.
1287 2794 1358 2827 965
1386 2796 1421 2827 iu
1441 2794 1529 2828 Ger·

105 2860 109 2870 ·
134 2854 191 2878 nm
227 2842 501 2886 comitabantur,
536 2844 641 2878 terti·
667 2843 803 2878 Roznla
828 2844 905 2878 sive
933 2844 1095 2878 Susanna
1120 2844 1271 2888 primum
1298 2842 1444 2877 Amulso
1469 2853 1526 2876 co·

83 2908 100 2919 ··
125 2891 317 2926 mandria
332 2896 404 2926 tum
416 2892 572 2927 Roberto
586 2893 663 2938 regi
673 2892 889 2927 Francorum
900 2894 1030 2938 nupsit.
1084 2893 1122 2935 δ)
1137 2891 1527 2933 1uvenal.Sat.V1,48.

59 2991 77 3020 f.

60 3027 77 3041 t
