1838 3210
188 224 492 259 LIUDPRANDI
517 222 863 258 ANTAPODOSIS.
913 222 1009 257 LIB.
1035 223 1098 256 1v.
1150 223 1307 256 20-23.
1458 222 1503 256 89

53 344 199 391 ·erat,
228 337 409 395 nisuque
439 336 555 379 omni
588 334 858 378 adversarios
892 331 1137 390 fatigabat¹.
1196 334 1358 378 Verum
1403 337 1505 401 quia
1517 346 1586 375 sss.

39 391 41 393 ’
95 413 101 429 v
137 393 147 403 ”
219 407 306 436 non
349 391 486 436 solum
529 389 837 448 temporalibus
875 389 1017 442 rebus,
1057 389 1132 432 sed
1161 391 1345 433 aeternis
1374 397 1504 436 etiam

40 471 62 487 „2
78 470 85 486 ι
101 450 183 504 ‘tis,
211 456 341 507 atque
370 449 414 491 in
452 449 547 505 ipsa
582 448 772 490 internae
810 444 1177 503 contemplationis
1211 446 1376 490 visione
1406 462 1504 492 con-

38 500 65 554 'J'
115 505 181 560 tis,
210 504 378 572 lapsum
406 517 714 561 nonnunquam
746 509 883 601 parat,
920 509 962 544 et
997 508 1044 544 ut
1071 502 1278 558 Vegetius
1314 502 1504 548 Renatus

74 559 185 604 libro
214 576 277 604 rei
306 560 500 604 militaris
527 560 589 602 ait
598 567 627 613 ²,
658 573 744 616 quo
804 558 1055 601 ‘necessario
1085 557 1268 615 amplior
1297 562 1504 604 securitas

34 652 38 653 ν
73 617 186 660 vius
215 616 321 660 solet
348 617 504 660 habere
532 615 790 669 discrimen’,
820 614 1071 657 Heinricum
1102 614 1290 670 quodam
1310 616 1354 657 in
1375 617 1504 674 opido

40 680 253 716 -·entem
299 673 512 716 incautius
544 687 597 715 ue
641 686 686 714 se
725 678 927 724 tuentem,
974 669 1193 726 predictus
1229 671 1505 716 Heverardus

49 749 55 765 ε
94 737 189 773 ecta
217 728 485 772 multitudine
515 743 540 771 o
572 727 694 781 sedit,
723 741 774 770 ac
805 727 1056 784 priusquam
1084 725 1216 769 frater
1244 727 1283 769 ei
1313 742 1390 771 rex
1418 743 1506 771 am-

39 784 252 828 '’culari
279 792 436 843 posset,
466 784 746 841 expugnavit,
776 796 1008 838 secumque
1037 781 1156 824 illum
1185 789 1227 826 et
1246 797 1399 839 gazam
1419 799 1507 828 non

30 844 46 870 “-
102 856 188 884 am
216 842 261 884 in
291 842 465 898 propria
492 848 608 884 trans
642 840 835 882 ortavit³.
879 838 974 880 Rex
1003 838 1135 894 igitur
1163 843 1330 882 tantum
1351 840 1505 897 fratris,

8 923 10 927 -
42 919 62 935 υ
85 912 145 941 no
174 912 311 951 suum,
341 897 520 955 cupiens
557 895 610 939 de
643 910 742 938 ecus
776 893 1010 948 vindicare,
1046 893 1261 951 prefatum
1299 895 1507 940 Heverar-

53 968 112 997 ·m
143 953 311 1011 sibique
340 954 587 996 coniventes
615 958 703 995 toto
735 951 849 1008 cepit
877 950 1101 993 conamine
1124 951 1338 1009 persequi.

123 1022 191 1065 21.
235 1020 511 1064 Heverardus
531 1034 632 1063 sane
654 1018 941 1063 Gislebertum
962 1018 1322 1075 Lotharingorum
1351 1019 1506 1064 ducem

24 1077 35 1131 f
63 1079 179 1135 regis
207 1076 410 1121 fidelitate
440 1077 699 1130 seiunxerat,
730 1075 853 1118 cuius
883 1074 1095 1118 adiutorio
1119 1075 1212 1132 regi
1232 1090 1320 1118 non
1339 1077 1508 1122 modice

28 1132 248 1184 ..ᾖεωδαῂ
306 1133 606 1190 Quamquam·
635 1132 748 1175 enim
777 1131 912 1175 isdem
944 1130 1210 1174 Gislebertus
1248 1132 1363 1188 regis
1394 1148 1508 1177 soro-

34 1211 91 1242 ,ιω
130 1190 307 1234 haberet
333 1203 511 1232 uxorem
522 1196 552 1243 ⁴,
593 1186 741 1230 maluit
775 1194 932 1242 tamen,
973 1186 1235 1244 suscipiendi
1271 1190 1394 1244 regni
1431 1205 1508 1248 spe

16 1294 29 1299 ,.
50 1247 237 1300 Raetus,
266 1246 360 1302 regi>
384 1245 593 1299 resistere,
623 1258 752 1301 quam
782 1258 893 1297 eum,
923 1249 971 1286 ut
990 1242 1206 1297 debuerat,
1238 1250 1387 1286 contra
1407 1260 1507 1290 suos

12 1301 175 1345 ''x-ulos
204 1301 422 1344 adiuvare.
481 1301 567 1344 Sed
596 1315 695 1343 cum
724 1314 769 1343 se
798 1313 877 1342 nec
914 1299 975 1341 sic
1011 1299 1206 1343 resistere
1247 1300 1339 1357 regi
1378 1316 1506 1358 posse

52 1359 324 1416 uspicerent,
358 1371 445 1400 non
482 1355 707 1399 incallidob
738 1355 974 1399 secundum
1009 1355 1237 1411 hominem,
1275 1356 1350 1399 sed
1388 1357 1506 1402 fatuo

15 1436 53 1467 .
126 1414 246 1458 dum
290 1413 440 1468 deum,
486 1419 664 1471 accepto
715 1410 911 1467 consilio,
960 1410 1203 1454 huiusmodi
1251 1411 1506 1457 Heinricum

87 1468 153 1513 bis
182 1471 460 1513 conveniunt:

24 1557 49 1578 ,·
122 1539 191 1582 22.
251 1537 312 1582 ‘Si
342 1537 531 1581 consiliis
561 1536 717 1579 nostris
747 1543 788 1580 te
818 1550 968 1593 parere
996 1534 1122 1579 nobis
1152 1537 1391 1581 iuramento
1411 1553 1506 1596 pro-

38 1617 63 1648 y
101 1594 158 1650 ',
187 1608 274 1638 non
303 1593 454 1649 solum,
486 1593 586 1651 quia
616 1599 766 1650 captus
796 1606 855 1646 es,
891 1597 933 1635 te
966 1590 1237 1647 dimittimus3
1286 1592 1360 1636 sed
1391 1595 1508 1652 quod

41 1647 150 1705 “fus
181 1658 257 1706 est,
302 1650 336 1693 si
380 1657 524 1693 tamen
566 1663 644 1692 rex
682 1647 787 1692 velis
825 1647 929 1702 fieri,
974 1654 1166 1691 nostrum
1204 1656 1245 1692 te
1284 1647 1507 1694 dominum

35 1706 84 1743 ἰ·
102 1706 334 1751 tituimus’.
391 1705 514 1749 Haec
542 1713 686 1748 autem
715 1719 802 1747 non
830 1718 881 1747 eo
901 1703 1113 1759 dicebant,
1142 1710 1189 1748 ut
1206 1704 1407 1761 facerent,
1432 1708 1508 1751 sed

44 1761 50 1773 “’
88 1763 180 1806 eius
209 1761 370 1806 auxilio
400 1776 546 1819 regem
576 1759 743 1803 facilius
773 1758 1046 1804 debellarent.
1524 1781 1597 1815 (ιο.)

24 1831 46 1861 ’Ῑ-
125 1832 195 1876 23.
253 1830 477 1874 Habuerat
511 1828 636 1887 plane
671 1842 750 1872 rex
786 1827 1011 1871 nonnullas
1053 1828 1306 1873 fortissimas
1347 1833 1508 1888 copias,

67 1887 322 1931 rimantium
351 1885 514 1930 scilicet
543 1885 781 1929 Suevorum
810 1885 978 1939 ducem,
1006 1884 1266 1943 fiatremque
1296 1887 1388 1931 eius
1418 1887 1508 1931 Hu-

24 1943 154 1996 ydem
165 1950 195 1999 ⁵,
238 1957 264 1986 a
314 1958 366 1987 ue
411 1940 718 1986 Chuonradum
762 1941 1017 2007 cognomine
1061 1941 1347 1999 Sapientem·.
1421 1944 1507 1998 Qui

36 2004 59 2033 ·÷;
81 2019 85 2034 ι
109 2013 271 2057 .quam
337 1997 540 2043 everardo
569 1997 788 2040 affinitatis
806 1996 920 2041 lmea
948 1997 1237 2055 iungerentur,
1268 1998 1510 2044 maluerunt

46 2059 155 2099 ‘men
205 2056 326 2110 iuste,
375 2054 437 2098 si⁰
486 2054 718 2098 necessitas
766 2053 1044 2108 incubuisset,
1092 2053 1205 2098 iusto
1255 2068 1354 2097 cum
1403 2071 1506 2114 rege

34 2108 60 2125 ’·
89 2111 280 2177 umbere,
328 2124 458 2169 quam
512 2110 666 2154 iniuste
714 2124 812 2153 cum
861 2110 1178 2166 consanguineo
1227 2110 1504 2168 triumphare.
1520 2114 1585 2142 ⁰⁸⁹·

66 2167 239 2211 inricus
267 2168 396 2233 igitur
425 2166 632 2225 premissa
659 2166 745 2208 iam
772 2166 1053 2223 promissione
1073 2164 1292 2223 deceptus,
1320 2169 1505 2226 propriis

67 2238 115 2266 ·x
145 2221 333 2267 collectis
362 2223 510 2281 copiis,
540 2222 639 2265 totis
673 2220 838 2265 viribus
879 2221 995 2279 ipsos
1032 2221 1237 2265 adiuvare
1275 2236 1506 2283 regemque
1519 2226 1567 2254 1'2-
1592 2226 1639 2261 ²6,
1662 2226 1711 2252 ¹²·

33 2287 184 2330 wei-at
211 2280 463 2352 inpugnare.
521 2278 682 2323 Verum
713 2277 815 2335 quia
843 2278 1051 2335 scriptum
1081 2284 1163 2321 est:
1222 2278 1414 2323 ‘Mentita
1443 2288 1507 2325 est

36 2332 218 2394 quitus
257 2334 363 2390 sib1,
401 2333 504 2379 libet
537 2332 758 2400 paululum
793 2333 1023 2389 immorari,
1067 2339 1110 2377 et
1144 2334 1506 2392 quemadmodum

145 2391 320 2435 mentita
349 2391 404 2434 sit
431 2389 513 2434 sibi
537 2390 754 2448 iniquitas,
784 2388 1011 2448 explicare.
1068 2389 1371 2435 Haeverardus
1391 2391 1507 2437 haud

49 2497 141 2527 ‘Bene
161 2500 213 2528 lm.
237 2499 264 2527 0.
280 2498 351 2533 solil
366 2499 414 2526 u.
437 2506 527 2532 usque
549 2499 672 2532 (nfirma
686 2499 813 2532 popinae
824 2499 936 2532 primae
945 2498 1003 2532 sol.
1020 2498 1068 2527 ⁶5.
1086 2498 1294 2533 Liudprandue
1309 2500 1368 2533 ὅροι
1382 2502 1507 2535 erripuit.

35 2537 201 2608 Jshealide
225 2540 251 2567 1.
331 2539 360 2572 c)
382 2545 406 2565 ι.
429 2545 458 2565 u.
482 2539 501 2565 Ι,
525 2538 544 2565 Ι.
568 2545 593 2566 e.
618 2545 642 2565 r.
666 2545 694 2564 ο.
717 2546 748 2571 q.
771 2539 791 2566 ¹.
814 2538 916 2565 dmm
938 2539 965 2566 8.
987 2538 1013 2565 8.

56 2628 136 2672 :ct
162 2637 339 2681 Reginos.
366 2642 460 2673 cont.
487 2638 571 2672 sav.
680 2636 720 2681 2)
745 2638 826 2672 Lib.
853 2638 911 2673 111
938 2649 972 2672 ο.
999 2639 1057 2673 22.
1158 2637 1198 2681 s)
1225 2639 1303 2673 Non
1328 2639 1375 2674 ab
1395 2639 1506 2676 Eber-

52 2683 70 2724 ’,
88 2703 92 2711 ·
112 2702 118 2713 v
151 2687 240 2731 ipso,
265 2685 330 2721 ned
356 2697 379 2721 a
402 2688 501 2722 socio
528 2688 604 2721 eius
629 2686 852 2722 ‘thancmaro
878 2688 1020 2723 Ottouis
1045 2688 1152 2721 fratre
1178 2689 1298 2732 spurio
1316 2689 1508 2723 Heinricus

89 2733 169 2769 loco
197 2736 253 2768 cui
288 2734 447 2770 Belecke
481 2746 608 2770 nomen
636 2740 701 2778 est,
728 2740 852 2781 captus
877 2736 943 2771 suit
974 2742 1082 2781 atque
1110 2736 1317 2771 Eberhardo
1343 2738 1507 2771 traditus.

82 2782 312 2827 cerbon-gam,
339 2784 384 2818 cf.
410 2784 503 2819 infra
529 2794 562 2819 c.
589 2785 648 2819 80.
682 2786 740 2819 88.
842 2784 882 2828 ὁ)
908 2785 1083 2827 udonem,
1118 2786 1272 2821 amicum
1305 2786 1412 2829 regis,
1448 2796 1508 2819 co-

72 2842 136 2874 v-m
163 2842 332 2877 pagorum
359 2833 558 2868 Rheneia-i·
585 2838 621 2867 et
638 2833 876 2869 Wetereibae.
939 2834 977 2878 6)
996 2833 1211 2876 conradum,
1238 2835 1299 2879 qui
1327 2840 1362 2868 et
1380 2834 1505 2869 Curci—

40 2927 42 2929 ‚
87 2890 142 2917 uu
167 2881 373 2925 vocabatur,
400 2881 649 2918 consobrinum
677 2892 809 2918 eorum.

38 2939 49 2962 ι
