1838 3210
239 343 305 372 ⁹19.

169 1341 219 1375 'p.
235 1343 301 1369 297.

151 1679 199 1706 rs.
212 1679 259 1713 32,
272 1679 298 1706 5.

101 1718 115 1742 1
134 1717 212 1743 Tim.
227 1719 254 1752 2,
268 1719 295 1744 4.

119 2180 172 2207 Pe.
197 2181 242 2214 15,
266 2181 295 2207 2.

216 2570 290 2606 (18.)

109 2611 290 2638 -914—928.

322 222 365 253 44
515 218 814 253 LIUDPRANDI
841 216 1185 252 ANTAPODOSIS.
1236 215 1332 249 Lm.
1359 215 1409 250 Π.
1459 215 1603 249 45-47

320 330 479 374 toribus
516 330 705 387 augustis
742 328 954 371 hominem
995 326 1271 379 exeuntibus,
1315 326 1549 380 Romanos,
1593 330 1642 369 ut
1678 323 1773 370 lati·
1795 344 1812 361 2

320 387 470 430 dicturi
501 400 646 428 sumus
662 394 688 439 ¹,
728 399 822 426 cum
855 383 1148 436 Constantino,
1189 383 1260 439 qui
1292 396 1405 423 nunc
1433 395 1570 439 usque
1597 394 1774 440 superes

319 442 473 485 Leonis
510 443 567 484 im
602 441 775 484 cratoris
815 439 920 493 filio,
960 437 1476 495 Constantinopolitanum
1514 436 1692 495 regebat
1728 435 1805 494 im·
1837 448 1838 474 ³

320 499 499 564 perium.
539 457 598 539 Ert'
625 497 734 538 sicut
762 495 851 537 fieri
880 494 1056 548 adsolet,
1086 494 1237 551 prime,
1268 507 1352 551 quo
1373 493 1590 536 Romanos
1618 493 1788 552 suscepi
1809 539 1814 546 ,‚

319 554 561 611 imperium,
599 567 729 605 anno,
773 549 999 593 nonnullae
1028 551 1066 593 ei
1094 556 1262 606 genteS,
1298 549 1521 606 presertim
1550 547 1778 593 ἀνατολικα

319 609 544 662 anatolike,
574 607 617 649 id
647 614 710 651 est
739 606 974 659 orientales,
1003 606 1120 647 nisae
1153 612 1253 647 sunt
1270 603 1488 648 rebellare.
1543 605 1725 649 Factum
1752 626 1781 643 κ
1803 615 1838 665 ’.ᾗ

319 675 474 718 autem,
505 664 606 706 dum
635 664 866 728 imperator
894 662 1129 705 exercitum
1159 660 1214 703 ad
1234 659 1544 718 expugnandas
1573 675 1646 705 eas
1684 683 1694 699 a
1721 684 1725 698 1
1750 683 1757 699 .
1811 705 1812 708 ¹

320 722 514 773 mitteret,
545 719 774 776 Appullam
806 726 847 761 et
867 717 1120 770 Calabriam,
1151 715 1273 759 binas
1292 732 1338 760 re
1370 717 1489 759 iones
1517 731 1628 775 quae
1646 717 1815 762 eitun

319 777 518 832 temporis
556 774 814 828 serviebant,
852 775 981 815 huica
1016 772 1254 816 rebellasse.
1364 787 1523 830 umque
1560 773 1804 832 imperator

320 832 516 873 maximis
547 832 749 873 orientem
778 845 924 872 versus
955 830 1087 886 copiis
1117 829 1309 882 directis,
1349 829 1563 872 exercitus
1589 828 1674 872 huc

319 886 542 930 titudinem
583 887 793 929 destinare
829 901 915 928 non
951 893 1116 942 posset,
1153 885 1322 941 rogavit
1359 885 1517 950 primo,
1558 892 1608 929 ut
1642 883 1700 928 ad
1733 888 1814 950 ηιξ

318 942 559 985 fidelitatem
594 943 814 999 pristinam
850 949 1000 999 sponte
1039 941 1237 983 redirent.
1295 940 1382 994 Qui
1421 955 1520 983 cum
1547 954 1775 985 reemaren

317 1006 445 1055 atque
482 997 561 1039 hoc
597 1012 642 1040 se
680 997 864 1040 facturos
893 997 1067 1039 minime
1097 997 1299 1051 dicerent,
1338 996 1395 1039 ad
1423 996 1675 1040 Africanum

317 1054 547 1118 imperator
576 1067 800 1096 suscensus
831 1053 977 1109 dirigit
1012 1068 1169 1118 regem,
1201 1068 1300 1095 eum
1329 1053 1467 1109 pretio
1494 1066 1664 1111 rogans,
1691 1059 1742 1097 ut
1766 1059 1812 1091 ;ιῖ

318 1110 501 1163 adiuvet,
530 1110 699 1151 virtutis
731 1125 784 1152 ue
822 1110 911 1153 eius
947 1108 1106 1151 auxiho
1136 1108 1176 1150 A
1239 1107 1370 1150 uliam
1409 1107 1492 1152 sibi
1526 1115 1654 1167 atque
1681 1108 1735 1152 Ο
1772 1132 1777 1146 2
1807 1119 1815 1162 ,ἦ

317 1165 453 1207 briam
483 1165 649 1207 subdat.
753 1179 802 1206 ac
831 1165 1042 1222 legatione
1062 1180 1139 1207 rex
1158 1124 1386 1207 diff-icauna
1412 1164 1587 1220 accitus,
1615 1165 1812 1209 inmun·

316 1220 470 1263 rabiles
513 1220 675 1263 ratibus
719 1221 863 1277 copias
906 1221 951 1262 in
990 1220 1232 1264 Calabriam
1271 1219 1591 1287 Appuliamque
1634 1220 1774 1266 direxi
1809 1277 1812 1278 7

315 1275 437 1318 binas
469 1291 522 1318 ue
565 1276 641 1318 has
682 1278 876 1334 regiones
919 1277 1186 1334 imperatoris
1233 1276 1471 1320 dommatui
1510 1277 1818 1343 potentissim=}j

316 1291 517 1374 subdidit.
576 1332 663 1375 Sed
693 1332 794 1374 dum
823 1347 1027 1390 processu
1062 1333 1266 1389 temporis
1302 1332 1378 1375 has
1407 1334 1631 1390 *regiones
1665 1333 1771 1377 dimi

315 1396 463 1442 terent,
503 1388 683 1430 Romam
721 1404 869 1431 versus
900 1389 1034 1431 aciem
1063 1389 1328 1445 giraverunt,
1364 1395 1638 1447 montemque
1683 1393 1729 1427 e:
1772 1410 1814 1445 ²1⁷

314 1442 473 1485 lianum
504 1444 690 1485 maxima
728 1459 805 1500 pro
844 1445 1022 1487 tuitione
1059 1444 1143 1486 sibi
1170 1444 1526 1501 vendicaverunt,
1562 1443 1768 1504 multasq·
1788 1463 1808 1496 ιζ
1822 1476 1823 1479 ,

314 1499 618 1542 munitissimas
650 1501 842 1543 civitates
873 1499 1134 1543 debellantes
1163 1502 1208 1543 vi
1237 1515 1284 1543 ce
1317 1507 1453 1544 erunt.
1807 1506 1810 1508 ’

425 1555 492 1597 46.
537 1555 747 1597 Dominus
776 1570 877 1598 vero
906 1564 1050 1599 noster
1086 1557 1208 1599 Iesus
1239 1556 1275 1599 C
1306 1557 1448 1611 ristus,
1484 1562 1734 1600 coaeternus
1771 1565 1802 1595 ι’
1827 1613 1830 1614 7

314 1610 685 1667 consupstantialis
722 1613 834 1668 patri
863 1619 1096 1668 sanctoque
1125 1612 1313 1668 spiritui,
1353 1613 1476 1655 cuius
1513 1613 1711 1656 miserico
1742 1632 1793 1650 ·:
1826 1614 1833 1649 ἒ

312 1665 438 1721 plena
466 1672 529 1709 est
557 1672 680 1720 terra,
710 1668 784 1723 qui
813 1668 1027 1710 neminem
1056 1668 1276 1710 hominum
1303 1667 1397 1711 vult
1423 1669 1575 1726 perire,
1611 1667 1688 1712 sed
1716 1682 1803 1718 om

311 1735 387 1763 nes
416 1721 554 1763 salvos
583 1722 675 1764 fieri
705 1730 747 1765 et
775 1723 830 1765 ad
859 1724 1119 1780 agnitionem
1151 1724 1340 1766 veritatis
1367 1725 1526 1780 venire,
1561 1739 1616 1768 ne
1643 1739 1774 1783 pel-ea
1803 1737 1807 1753 ²-

313 1776 428 1833 quod
465 1776 579 1819 solus
618 1778 723 1821 deus
760 1786 857 1821 ante
885 1780 1033 1821 mundi
1063 1780 1406 1823 constitutionem
1440 1779 1638 1838 previdit,
1674 1786 1806 1840 atqu·

342 1839 407 1874 ost
445 1847 613 1875 omnem
652 1841 908 1889 creaturam,
953 1837 1076 1892 quasi
1105 1836 1325 1878 dominum
1354 1836 1505 1879 ceteris
1532 1843 1723 1880 utentem
1759 1847 1807 1880 :22

311 1846 598 1930 geminantem
645 1891 805 1932 creavit
840 1890 1072 1945 hominem,
1110 1906 1323 1948 quemque
1360 1893 1407 1935 in
1440 1892 1569 1936 finem
1596 1899 1684 1936 tem
1715 1907 1741 1936 ο
1766 1894 1810 1934 ';;

310 1957 388 1999 per
426 1945 643 2000 sanguinis
683 1947 748 1988 sui
787 1946 1066 1990 effusionemb
1103 1962 1229 1990 verus
1268 1947 1396 1990 homo
1432 1962 1646 2007 verusque
1711 1962 1808 1999 eus-1e

309 2013 395 2041 non
438 1999 524 2041 duo
567 2000 642 2043 sed
685 2016 807 2056 unus,
850 2002 1041 2057 redemit,
1085 2003 1139 2045 ad
1179 2017 1369 2046 amorem
1406 2004 1474 2047 sui
1515 2019 1595 2062 pro
1625 2004 1776 2104 Ὗ
1786 2026 1795 2043 ;

310 2055 445 2111 patrie
467 2054 737 2099 dilectionem
758 2058 965 2114 quosdam
985 2058 1204 2102 beneficiis
1233 2059 1398 2113 invitat,
1432 2019 1666 2104 terron‘ffus

310 2110 538 2167 compellit,
567 2127 652 2154 non
683 2127 767 2169 quo
798 2113 893 2168 sibi,
924 2115 998 2170 qui
1017 2129 1096 2157 nee
1117 2122 1395 2171 augmentum
1423 2114 1614 2160 bonitate
1641 2131 1713 2160 110
1733 2139 1743 2155 ι

310 2173 358 2207 ut
387 2167 595 2223 propheta
623 2175 800 2211 testatur
821 2169 990 2212 dicens:
1021 2172 1237 2227 ‘quoniam
1255 2171 1466 2214 bonorum
1493 2186 1688 2216 meorum
1713 2186 1789 2216 110

310 2223 433 2277 eges',
461 2237 540 2264 nec
570 2222 869 2267 detrimentum
898 2225 1060 2268 malitia
1089 2235 1281 2269 sumere⁰
1310 2227 1459 2284 possit,
1494 2227 1572 2270 sed
1599 2235 1649 2271 ut
1674 2228 1805 2272 nob'

307 2277 454 2332 prosit.
510 2277 679 2321 Placuit
706 2280 849 2346 itaque
869 2282 921 2335 ei,
951 2282 1050 2338 quia
1069 2281 1287 2325 beneficiis
1306 2281 1533 2339 noluimus,
1552 2282 1770 2328 huiusmo·
1795 2299 1804 2342 j

307 2346 385 2374 nos
413 2332 470 2374 ad
497 2340 664 2390 tempus
685 2343 893 2391 castlgare
913 2338 1158 2380 terroribus.
1217 2338 1304 2381 Sed
1331 2353 1387 2381 ne
1407 2338 1609 2383 Saraceni
1637 2338 1764 2384 diuti

307 2387 556 2431 insultarent
584 2396 627 2431 et
655 2389 862 2433 dicerent:
894 2392 994 2435 ‘Ubi
1024 2400 1089 2435 est
1117 2393 1222 2435 deus
1243 2394 1430 2436 eorum‘?y
1457 2396 1666 2440 convertit
1691 2395 1797 2443 deu-2

308 2442 437 2485 corda
481 2443 792 2500 christicolum,
841 2447 948 2489 adeo
989 2455 1038 2490 ut
1080 2449 1261 2505 amplior
1303 2450 1355 2492 iis
1398 2451 1620 2507 pugnandi
1676 2472 1714 2489 ··
1764 2472 1785 2490 u

305 2497 498 2555 fugiendi
526 2501 644 2556 prius
674 2510 786 2543 esset
814 2502 983 2559 cupido.
1786 2536 1792 2558 1<

415 2555 484 2598 47.
530 2555 626 2608 Quo
664 2564 855 2613 tempore
898 2559 1166 2602 venerandae
1202 2561 1393 2604 Romane
1430 2561 1542 2605 sedis
1579 2577 1738 2606 summ
1762 2573 1794 2601 αι’

305 2607 517 2652 Iohannes
537 2610 760 2654 Ravennae
780 2613 1075 2669 pontificatum
1095 2617 1279 2659 tenebat.
1324 2617 1410 2659 Hic
1437 2625 1579 2661 autem
1606 2624 1696 2662 tam
1722 2633 1772 2662 n
1795 2659 1801 2673 2

303 2663 411 2706 fario
439 2665 597 2708 scelere
627 2675 774 2710 eontra
801 2669 867 2710 ius
895 2669 1045 2726 fasque
1074 2672 1283 2727 pontificii
1303 2672 1474 2715 culmen
1507 2673 1569 2717 ita
1595 2674 1733 2718 obtin·
1749 2675 1760 2685 '
1787 2673 1802 2731 f

303 2748 333 2781 a)
354 2750 503 2781 tequemio
523 2757 613 2783 usque
633 2751 866 2778 interfectorum
888 2757 1005 2785 strages
1025 2762 1089 2787 cap.
1113 2755 1149 2782 66
1171 2756 1273 2782 desunt
1295 2757 1326 2782 in
1347 2757 1488 2783 codicibus
1508 2757 1537 2784 8.
1664 2756 1697 2792 b)
1727 2772 1749 2779 -·
1768 2774 1770 2778 r
1791 2753 1794 2762 ³

302 2788 389 2814 sione
411 2789 439 2815 1.
519 2789 547 2823 c)
570 2794 690 2817 sumere
712 2793 738 2818 1.

305 2851 342 2895 1)
369 2851 424 2886 cf.
451 2852 543 2886 infra
566 2853 623 2887 111
651 2864 681 2888 e.
708 2854 767 2887 25.

1796 3006 1809 3054 ug&
1796 2939 1797 2942 „
1793 2846 1800 2874 κ’
1796 2471 1798 2488 22
