1838 3210
244 230 543 266 LIUDPRANDI
569 227 917 264 ANTA-Ponosls.
967 228 1063 262 LIB.
1090 228 1134 262 V.
1188 229 1343 262 14—15.
1479 229 1547 262 107

37 346 45 349 ”
59 364 65 379 ·
79 342 282 396 enuntiat,
311 356 357 385 se
386 340 578 398 legitimo
606 356 663 384 ex
692 340 890 396 coniugio
919 338 1051 381 filiam
1080 353 1167 382 non
1196 339 1375 394 habere;
1405 339 1481 382 sed
1509 341 1546 382 si
1563 351 1630 378 942.

32 417 68 442 u·-
138 397 477 441 concubinarum
518 396 688 440 filiabus
727 395 867 449 vellet,
910 395 1129 453 egregiam
1166 395 1206 437 ei
1243 395 1380 438 forma
1418 410 1546 452 posse

33 460 279 497 ἰιι-οεῒαωῑ.
335 453 395 496 Et
434 453 636 511 quoniam
676 451 807 495 Greci
842 452 888 494 in
929 453 1139 508 geneseos
1181 450 1415 505 nobilitate,
1459 466 1546 494 non

38 523 160 553 :auae
187 516 324 552 mater
351 508 427 553 sed
457 509 554 566 quis
589 508 718 552 fuerit
753 515 887 565 pater,
926 507 1159 565 inquirunt,
1193 508 1425 565 imperator
1463 507 1547 550 Ro-

34 573 79 602 *su
100 586 105 601 .·
130 566 196 608 ·6s
224 580 356 608 naves
386 565 589 608 continuo
619 563 763 607 Greco
799 578 901 606 cum
937 564 1037 629 igne
1074 564 1332 620 preparavit,
1368 578 1547 606 munera

38 622 237 676 [maxima
264 621 392 675 misit,
421 628 551 678 atque
581 628 630 663 ut
667 619 784 662 illam
822 627 969 676 nepoti
1005 634 1084 662 suo
1123 619 1400 677 coniungeret
1427 634 1546 663 man-

33 675 180 721 idavit.
237 677 401 720 Verum
430 677 632 734 quoniam
662 691 783 719 meus
811 676 1001 730 vitricus,
1030 676 1097 718 vir
1124 676 1335 732 gravitate
1356 682 1544 730 ornatus,

37 731 199 793 {plenus
228 734 450 799 sapientia,
480 734 594 790 regis
621 732 821 790 Hugonis
848 731 986 774 fuerat
1006 732 1193 786 nuntius,
1223 732 1393 789 pigrum
1414 732 1547 775 michi

42 802 135 837 non
161 788 233 832 hic
261 797 317 833 sit
344 790 571 843 insereret,
632 789 709 831 uid
738 803 838 831 eum
866 787 920 831 de
958 788 1229 844 imperatoris
1264 788 1475 845 sapientia
1502 795 1547 832 et

44 842 321 899 humanitate,
351 852 394 888 et
422 844 603 902 qualiter
671 845 788 888 usios
825 844 988 898 vicerit,
1024 843 1171 886 audivi
1207 844 1350 901 sepius
1390 844 1545 888 dicere.

164 903 227 946 15.
272 901 391 945 Gens
430 901 641 958 quaedam
676 907 743 944 est
777 900 857 943 sub
893 898 1103 957 aquilonis
1139 906 1262 958 parte
1301 902 1545 955 constituta,
1563 912 1616 948 (s.)

45 970 178 1017 quam
206 972 233 1000 a
261 957 465 1015 qualitate
494 958 684 1015 corporis
714 956 844 1000 Greci
872 963 1029 999 vocant
1048 959 1236 1011 Ρουσιος,
1267 956 1436 1009 Βάείοε,
1466 971 1545 1000 nos

45 1026 150 1058 vero
197 1028 224 1056 a
271 1014 483 1071 positione
531 1012 614 1056 loci
663 1013 934 1056 nominamus
984 1011 1299 1055 Nordmannos.
1374 1013 1547 1069 Lingua

46 1069 207 1168 quippe
234 1069 478 1113 Teutonum
512 1069 622 1112 nord
655 1083 683 1111 a
715 1067 814 1123 uilo,
853 1082 954 1111 man
990 1076 1135 1112 autem
1174 1069 1331 1111 dicitur
1365 1068 1545 1124 h0m0b3

45 1137 107 1171 nn
137 1140 161 1168 e
190 1133 234 1169 et
261 1124 563 1169 Nordmannos
591 1125 689 1183 aqu‘
710 1139 861 1167 onares
890 1124 1082 1167 homines
1111 1124 1255 1167 dicere
1279 1139 1507 1182 possumus
1516 1133 1546 1167 ².

41 1183 76 1218 Η
93 1181 190 1224 uius
219 1180 405 1239 denique
465 1182 573 1224 entis
601 1196 681 1224 rex
707 1179 919 1223 vocabulo
948 1165 1078 1238 inger
1105 1186 1215 1235 erat3
1255 1182 1330 1237 qui
1359 1179 1548 1224 collectis

43 1237 105 1275 ’π’
140 1251 164 1280 e
193 1244 236 1281 et
263 1252 313 1281 eo
342 1196 526 1295 ampzius
554 1238 736 1280 navibus
766 1235 1182 1303 Constantinopolim
1210 1237 1368 1280 venit³.
1418 1236 1548 1291 Quod

45 1298 74 1331 t:
96 1295 293 1336 man6s⁰
335 1294 567 1351 imperator
608 1300 657 1336 ut
698 1293 876 1346 audivit,
924 1307 1128 1350 quomam
1176 1292 1375 1336 navalem
1420 1308 1548 1336 suum

59 1369 89 1386 ...
114 1370 121 1375 -
177 1350 285 1393 itum
314 1349 525 1393 directum
553 1356 702 1393 contra
731 1349 970 1392 Saracenos
999 1356 1040 1391 et
1068 1348 1126 1391 ad
1149 1348 1386 1392 insularum
1407 1357 1547 1393 custo-

60 1424 109 1441 ιε
133 1425 155 1444 ιι
194 1404 359 1460 habuit,
395 1406 556 1449 estuari
595 1404 923 1462 cogitationibus
960 1405 1088 1462 cepit.
1160 1405 1359 1462 Cumque
1389 1406 1548 1463 cogita-

45 1459 237 1505 ·’onibus
265 1477 351 1505 non
410 1462 530 1505 aucis
559 1462 776 1504 insomnes
805 1468 952 1504 noctes
971 1460 1160 1516 duceret,
1189 1468 1232 1504 et
1259 1446 1390 1519 inger
1419 1470 1549 1506 cunta

61 1532 107 1554 ιι.
144 1518 155 1527 “
185 1518 330 1561 vicina
429 1519 574 1575 'pet-et,
603 1517 845 1561 nuntiatum
874 1524 940 1560 est
961 1517 1167 1569 Romano,
1198 1517 1286 1561 XV
1307 1518 1549 1561 semifracta

71 1604 91 1617 ⁷-
123 1572 281 1617 habere
311 1573 576 1628 chelandiad,
606 1588 717 1631 quae
746 1571 932 1631 populus
968 1573 1023 1616 ob
1052 1580 1308 1617 vetustatem
1338 1573 1427 1617 sola
1455 1573 1549 1618 reli·

62 1648 96 1665 2·
117 1637 212 1673 ·rat.
270 1630 400 1684 Quod
429 1637 476 1673 ut
503 1629 680 1684 audivit,
709 1633 810 1681 τοῦς
839 1630 1101 1687 καλαφάτας,
1130 1637 1200 1673 tus
1220 1629 1435 1685 calafatas,
1464 1629 1547 1673 hoc

61 1692 117 1729 t
141 1686 320 1729 navium
350 1686 671 1743 compositores,
709 1684 766 1728 ad
801 1700 846 1729 se
883 1685 1031 1728 venire
1068 1687 1274 1744 precepit,
1314 1686 1471 1744 quibus
1506 1693 1549 1730 et

32 1762 34 1765 ·
78 1740 127 1785 ‘tz
157 1742 453 1800 ‘Proper-antes
492 1743 583 1785 sine
621 1740 837 1796 dilatione,
878 1756 930 1785 ea
968 1756 1078 1799 quae
1118 1749 1420 1797 remanserant,
1450 1742 1548 1786 che-

65 1823 69 1829 -
106 1796 223 1841 ·ᾶίαο
271 1805 509 1865 preparate.
586 1797 675 1841 Sed
723 1805 766 1840 et
811 1805 1125 1854 argumentum,
1175 1813 1259 1856 quo
1302 1799 1414 1856 ignis
1452 1813 1548 1856 pro-

65 1879 67 1884 ,
94 1853 190 1909 'tur,
219 1869 308 1898 non
340 1869 386 1897 m
414 1868 543 1912 prora
578 1853 732 1909 solum,
766 1868 916 1897 verum
952 1854 1080 1897 etiam
1119 1855 1164 1896 in
1191 1856 1341 1913 puppi,
1370 1856 1550 1912 insuper

50 1931 86 1969 Ιιι
125 1911 317 1968 utrisque
357 1909 562 1954 lateribus
598 1910 767 1968 ponite’.
837 1909 1097 1967 Compositis
1130 1911 1275 1976 itaque
1314 1911 1548 1954 secundum

64 1986 84 2003 υ
104 1967 282 2010 ionem
310 1981 432 2009 suam
460 1965 709 2021 chelandiis,
749 1966 1085 2022 sapientissimos
1114 1967 1160 2009 in
1189 1982 1250 2010 eis
1278 1968 1394 2010 viros
1422 1966 1550 2010 collo-

163 2029 291 2080 atque
320 2031 368 2066 ut
395 2023 488 2080 regi
517 2006 673 2080 ingero
703 2029 928 2065 occurrant
962 2021 1198 2066 denuntiat.
1264 2023 1449 2066 Profecti
1479 2022 1550 2066 de-

64 2077 194 2136 ‹'que,
237 2093 336 2121 cum
376 2079 421 2121 in
457 2078 608 2136 pelago
648 2093 721 2122 eos
750 2078 913 2136 positos
951 2093 1030 2121 rex
1069 2079 1199 2135 Inger
1237 2081 1459 2136 aspiceret,
1503 2085 1551 2122 ut

65 2134 172 2177 'vos
200 2133 295 2178 illos
325 2142 508 2192 caperet,
538 2134 746 2178 exercitui
780 2148 858 2176 suo
886 2134 1090 2191 precepit,
1126 2141 1168 2177 et
1202 2150 1287 2177 non
1323 2134 1549 2179 occideret.

70 2191 167 2234 eni
199 2205 252 2234 ue
291 2191 514 2234 miserator
547 2198 590 2234 et
623 2190 864 2233 misericors
905 2190 1122 2244 dominus,
1161 2191 1235 2248 qui
1270 2206 1316 2234 se
1351 2190 1550 2246 colentes,

58 2295 59 2299 Ἰ
194 2254 376 2299 orantes,
420 2262 465 2289 se
500 2246 791 2305 deprecantes,
830 2261 916 2289 non
955 2245 1091 2288 solum
1132 2254 1253 2304 prote
1284 2262 1355 2290 ere
1394 2247 1469 2291 sed
1509 2255 1551 2290 et

84 2301 235 2346 ‘ctoria
260 2302 395 2346 voluit
423 2302 644 2357 honorare,
673 2302 812 2344 ventis
840 2310 942 2345 tunc
971 2302 1188 2359 placidum
1208 2318 1253 2346 re
1285 2303 1392 2346 didit
1416 2318 1548 2346 mare.

64 2364 108 2394 ;-.
141 2373 192 2403 us
220 2360 336 2402 enim
367 2357 423 2402 ob
453 2359 565 2416 ignis
594 2358 863 2401 emissionem
895 2358 1049 2401 Grecis
1077 2366 1190 2402 esset
1216 2359 1549 2402 incommodum.

55 2414 192 2514 23²5
218 2414 506 2514 ffussuffff
509 2414 783 2528 0533&ssssss
787 2414 1349 2514 ‘¹’0ig13'55ibf1i3'03323222031111'
1353 2416 1551 2514 Ἓὲἓῗῖἓ

36 2505 37 2508 ’
782 2503 792 2524 1

103 2566 124 2594 ί.
147 2568 229 2599 quod
251 2575 320 2595 eum
344 2575 411 2603 περι
433 2574 484 2594 τοι·
506 2567 648 2601 βασιλευς
670 2565 809 2600 Ρομανοι·
831 2574 946 2604 coquus
966 2575 1015 2595 και
1036 2568 1275 2604 φνμανθροηως
1297 2568 1550 2605 (φιλανθροηιας)

108 2606 242 2639 quanter
263 2608 292 2634 a.
374 2607 406 2641 b)
429 2607 468 2631 ιἰα
489 2610 514 2631 et
536 2607 564 2632 ὁ.
586 2607 639 2634 δι.
722 2605 750 2639 c)
775 2605 915 2639 Ρομανος
936 2607 965 2633 8.
1045 2606 1078 2640 d)
1101 2607 1130 2640 e)
1154 2608 1297 2641 χιλανθια
1319 2609 1346 2635 8.

59 2690 100 2739 )
116 2703 151 2727 v.
168 2693 258 2738 Leg.
277 2704 308 2728 c.
328 2694 362 2730 7.
407 2696 508 2736 Quae
528 2694 572 2729 de
591 2695 809 2730 Graecorum
837 2706 933 2729 more
951 2695 987 2728 in
1006 2696 1240 2729 matrimoniis
1259 2694 1423 2729 ineundis
1441 2694 1551 2728 Lind-

83 2759 85 2767 ¹
133 2741 215 2776 wius
240 2742 300 2776 hie
325 2742 483 2785 adnotat,
510 2743 761 2778 confirm-ntur
780 2744 1034 2778 constitutione
1054 2744 1116 2777 ina
1138 2755 1157 2777 e
1179 2743 1344 2778 Basilicis
1364 2743 1553 2787 desumpta

66 2807 82 2818 ι·
104 2814 110 2817 -
142 2791 319 2835 coniugiis
345 2791 529 2826 mulierum
556 2803 646 2838 quae
666 2792 724 2827 lex
747 2792 837 2827 viles
861 2792 1078 2838 appellavit',
1109 2792 1132 2826 1.
1152 2794 1197 2826 28
1225 2797 1251 2826 t.
1269 2794 1289 2824 4
1312 2804 1342 2826 c.
1363 2793 1408 2824 4‘1
1427 2802 1462 2836 p.
1484 2793 1551 2825 198

91 2855 118 2873 .
144 2838 357 2875 neimbaeh.
433 2840 472 2882 2)
495 2842 550 2876 cf.
576 2852 683 2887 supra
701 2842 717 2875 1
741 2853 774 2876 c.
797 2843 852 2876 11.
929 2841 970 2885 4)
996 2842 1133 2876 Decem
1161 2841 1303 2875 milibus
1326 2842 1469 2874 navium
1497 2851 1552 2874 se·

66 2909 74 2938 3
91 2905 95 2912 ψ
115 2887 213 2922 nium
240 2896 403 2924 auctores
422 2891 651 2934 Byzantinos,
677 2892 738 2935 qui
763 2890 857 2924 bunc
884 2901 1064 2924 numerum
1093 2891 1169 2925 siue
1189 2890 1298 2924 dubio
1321 2893 1552 2933 exaggerant.
