1838 3210
341 235 385 266 62
526 230 824 265 LIUDPRANDI
851 226 1198 262 ANTAPODOSIS.
1248 226 1345 259 LIB.
1369 225 1439 259 111.
1494 225 1649 261 19-24.

259 362 325 390 m.
340 358 486 402 perum
516 341 834 385 necessitatibus
864 339 1078 392 curiosus3
1107 351 1210 394 erga
1228 336 1430 379 aeclesias
1449 335 1572 379 valde
1593 334 1747 380 sollie'·
1828 373 1830 376 ,

338 398 556 455 religiosos
599 395 972 454 phylosophosque
1014 394 1128 436 viros
1164 407 1249 435 non
1282 391 1421 435 solum
1450 391 1634 448 amabat,
1668 407 1722 436 ve
1770 414 1805 445 ·›¹

338 456 465 499 etiam
502 454 663 496 fortiter
705 450 950 494 honorabat.
1022 450 1109 503 Qui
1138 449 1217 491 etsi
1253 455 1316 492 tot
1353 447 1580 492 virtutibus
1618 446 1803 496 clareb1

339 510 560 553 mulierum
589 517 730 551 tamen
759 506 966 550 illecebris
996 519 1068 548 eas
1096 504 1279 548 fedabat.
1795 507 1800 528 ³

448 579 514 620 20.
572 576 657 619 Hie
695 590 749 618 ex
778 575 1041 617 Francorum
1078 587 1233 629 genere
1270 572 1602 616 Teutonieorum
1639 581 1802 625 uxore·]

337 639 559 691 acceperat
596 632 766 674 nomine
805 629 972 683 Aldam‚
1012 643 1120 686 quae
1158 627 1292 670 filium
1331 629 1371 672 ei
1406 634 1615 685 genuerat
1647 627 1783 671 110ιί

337 689 623 732 Lotharium1.
690 687 908 730 Habuerat
936 700 1036 727 sane
1065 693 1166 727 tune
1199 691 1285 727 tem
1319 684 1404 727 oris
1433 699 1488 728 ex
1516 683 1703 743 quadam

338 746 437 789 liere
467 743 742 796 nobilissima,
771 740 978 785 vocabulo
1008 699 1334 796 Wandelmodg,
1363 739 1499 783 filium
1525 740 1698 784 nomine
1725 739 1788 783 Η
1828 767 1829 770 =

337 802 514 854 bertum,
553 800 624 856 qui
672 814 784 841 nunc
839 812 971 855 usque
1027 804 1219 862 superest
1266 803 1308 840 et
1354 796 1539 840 Tusciae
1577 796 1736 863 provin
1749 817 1794 833 -w
1828 804 1831 808 '

367 858 534 913 rinceps
563 861 710 911 potens
739 855 918 897 habetur
930 861 959 895 ².
1013 852 1145 896 Cuius
1174 859 1283 907 aeta,
1322 852 1404 896 deo
1431 851 1631 911 propitio,
1660 852 1749 896 suis
1777 851 1800 901 ἰ

337 873 442 956 focis
471 918 747 969 exponentur.
1805 939 1808 942 ⁴

449 981 515 1022 21.
573 979 756 1035 Hugone
794 977 923 1034 igitur
960 990 1059 1032 rege
1098 978 1339 1031 constituto,
1384 976 1495 1020 sicut
1529 976 1597 1020 vir
1637 968 1806 1034 prades

336 1037 539 1089 tissimus,
569 1034 718 1077 ubiubi
747 1041 967 1098 terrarum·
984 1033 1098 1090 cepit
1117 1033 1287 1099 nuntios
1317 1046 1417 1075 suos
1445 1030 1628 1090 dirigere
1669 1046 1732 1098 111
1766 1048 1830 1099 οἱ,

337 1107 517 1149 rumque
546 1106 591 1132 re
626 1105 696 1132 um
727 1105 801 1132 seu
831 1104 1074 1147 princlpum
1104 1096 1336 1132 amicitiam
1367 1102 1586 1146 quaerere,
1674 1097 1829 1138 emnil

369 1148 557 1191 resertim
609 1146 862 1188 amosissimi
907 1146 1034 1201 regis,
1084 1146 1170 1210 qui,
1220 1152 1268 1188 ut
1306 1159 1436 1203 supra
1476 1145 1755 1188 memoravim
1793 1176 1797 1178 >

376 1204 570 1261 agoariis,
619 1202 782 1256 Suevis,
834 1201 1135 1257 Lotharingiis‚
1185 1201 1364 1244 Francis
1404 1207 1534 1258 atque
1576 1199 1829 1245 Saxonib·''

338 1258 586 1317 imperabat.
643 1257 728 1300 Hie
757 1258 884 1301 etiam
916 1256 1164 1300 sclavorum
1194 1264 1366 1314 gentem
1393 1257 1660 1300 innumeram
1677 1254 1828 1300 subi

338 1318 455 1373 gavit
498 1314 664 1371 sibique
707 1314 973 1356 tributariam
1015 1313 1132 1367 feeit3
1182 1315 1347 1371 primus
1390 1313 1518 1356 etiam
1558 1312 1630 1356 hic
1670 1312 1789 1356 Dan·
1814 1314 1829 1327 ’“

258 1392 325 1417 934.
338 1371 581 1428 subiugavit
609 1369 773 1426 sibique
803 1370 959 1412 servire
988 1371 1173 1434 coegit83
1217 1384 1269 1412 ae
1296 1384 1376 1427 per
1401 1368 1484 1412 hoe
1510 1382 1669 1413 nomen
1695 1383 1765 1412 su·
1790 1373 1813 1421 ·']

338 1427 481 1470 multis
510 1425 750 1468 nationibus
764 1431 781 1452 ⁸
811 1424 975 1468 celebre
1002 1425 1116 1468 feeit.
1654 1462 1661 1468 .
1806 1435 1809 1468 ἓ

450 1495 516 1537 22.
573 1493 668 1535 Rex
695 1493 825 1558 igitur
851 1492 982 1550 Hugo
1023 1508 1122 1536 oum
1161 1508 1284 1551 reges
1322 1493 1492 1537 sibimet
1525 1506 1578 1536 ae
1605 1492 1765 1551 princi·
1784 1499 1810 1531 -Σ

338 1552 497 1593 amicos
535 1550 812 1592 eircumelrea
853 1549 1108 1614 adquireret,
1152 1549 1314 1593 studuit
1355 1557 1398 1593 et
1432 1547 1629 1592 Achiviis
1666 1562 1768 1591 nom
1778 1556 1829 1612 ι’θ

197 1616 248 1651 'p.
259 1619 324 1645 307.
339 1621 462 1649 suum
489 1605 614 1661 longe
642 1620 668 1647 a
695 1605 819 1648 nobis
847 1606 998 1662 positis
1026 1612 1173 1648 notum
1201 1605 1354 1649 faeere.
1425 1604 1673 1664 Imperabat
1700 1607 1777 1648 'v
1793 1615 1827 1651 ‚j

338 1663 403 1705 his
432 1669 533 1705 tune
562 1669 646 1704 tem
680 1662 763 1704 oris
791 1662 995 1704 memoria
1029 1663 1131 1705 satis
1171 1669 1212 1705 et
1247 1661 1373 1705 laude
1410 1661 1568 1719 dignus
1605 1660 1827 1712 Roman-'³⁴

337 1720 579 1775 imperator,
622 1717 651 1759 li
684 1716 820 1770 eralis,
863 1717 1086 1772 humanus,
1129 1718 1319 1775 prudens
1357 1732 1408 1760 ae
1446 1717 1564 1775 pius3
1613 1718 1685 1760 eui
1759 1707 1828 1753 ··’

337 1781 510 1840 propter
537 1787 704 1815 morum
732 1773 1000 1830 probitatem,
1028 1780 1119 1816 tum
1141 1781 1317 1832 propter
1343 1773 1520 1831 linguae
1535 1772 1795 1817 urbanitate

337 1837 572 1887 gemtorem
601 1844 745 1871 meum
774 1829 917 1886 dirigit
941 1831 1150 1873 nuntium.
1806 1859 1813 1866 2

450 1898 517 1940 23.
574 1897 660 1950 Qui
699 1912 796 1939 cum
836 1897 986 1940 eodem
1024 1899 1303 1955 pervenisset,
1341 1899 1452 1941 inter
1489 1902 1668 1952 caetera,
1710 1911 1757 1955 q·
1778 1916 1827 1952 ι,

338 1954 582 2011 imperatori
610 1954 801 1995 Romane
829 1968 907 1996 rex
945 1954 1076 2010 Hugo
1114 1954 1319 1996 muneral’
1357 1953 1544 2009 miserat,
1577 1952 1767 1997 huiusm·
1786 1954 1826 2010 μ’

339 2010 444 2053 duos
484 2023 609 2052 canes
651 2008 843 2062 adduxit,
888 2010 1033 2067 quales
1062 2011 1107 2052 in
1144 2009 1294 2053 eadem
1331 2024 1419 2053 non
1454 2015 1555 2052 sunt
1590 2007 1779 2075 aliquan·
1795 2032 1809 2067 „⁸

339 2066 475 2123 patria
502 2066 596 2107 visi.
661 2065 746 2118 Qui
789 2065 892 2107 dum
935 2073 1033 2109 ante
1075 2067 1376 2123 imperatorem
1412 2065 1587 2110 adducti
1621 2064 1809 2108 fiussen

338 2122 420 2164 nisi
447 2120 674 2164 multorum
707 2119 893 2163 brachiis
931 2128 1187 2177 tenerentur,
1230 2137 1329 2166 eum
1370 2122 1566 2180 protinus
1607 2120 1786 2164 morsib·
1802 2127 1810 2170 ,j

337 2176 554 2219 laniarent.
613 2177 722 2219 Puto
770 2178 903 2231 enim,
953 2179 1055 2234 quia
1108 2178 1212 2221 dum
1258 2178 1374 2221 hune
1422 2176 1658 2221 Greeorum
1703 2191 1774 2220 mo

338 2234 530 2275 teristro⁴
559 2240 754 2290 opertum
782 2231 1013 2290 habituque
1051 2233 1218 2277 insolito
1255 2233 1455 2277 viderunt
1489 2233 1697 2288 indutum,
1733 2247 1791 2276 no

340 2288 551 2330 hominem
580 2288 654 2330 sed
682 2295 916 2330 monstrum
945 2289 1118 2347 aliquod
1145 2296 1415 2347 putaverunt.
1799 2293 1810 2325 5

451 2344 517 2386 24.
573 2344 771 2400 Denique
800 2359 955 2401 magno
985 2361 1084 2388 eum
1112 2345 1271 2389 honore
1304 2346 1360 2389 ab
1389 2345 1541 2389 eodem
1569 2350 1808 2402 susceptus

338 2451 368 2484 a)
391 2452 523 2477 nationis
546 2453 573 2477 1.
655 2451 686 2485 b)
708 2455 835 2479 munera
856 2455 884 2479 1.
965 2453 992 2487 c)
1014 2458 1176 2488 suspeptus
1200 2457 1228 2484 1.

343 2539 379 2581 1)
408 2538 462 2572 Cf.
488 2539 541 2572 IV
576 2550 607 2572 c.
636 2539 668 2573 2.
696 2541 760 2581 123
786 2541 960 2574 Miraeula
995 2541 1032 2576 S.
1066 2542 1278 2577 Columbani
1304 2554 1334 2576 e.
1373 2542 1442 2576 16:
1476 2542 1679 2576 ‘Letharius
1702 2541 1765 2576 bo·
1811 2535 1825 2590 ⁷,

339 2586 469 2621 indolis
494 2598 591 2631 puer,
616 2587 709 2621 filius
726 2588 901 2632 praedicti
917 2592 1023 2633 regis,
1050 2602 1155 2634 quem
1172 2592 1265 2625 Aldu
1280 2593 1406 2636 regina
1421 2602 1488 2626 sua
1503 2590 1648 2634 genuit’.
1685 2589 1729 2625 A.
1747 2589 1785 2622 9
1815 2591 1818 2592 ⁷

339 2635 447 2679 Hugo
473 2646 535 2669 rex
561 2636 735 2670 ecelesiae
759 2638 942 2672 Parmensi
967 2639 1124 2683 diploma
1146 2640 1246 2674 dedit
1270 2641 1541 2675 ‘interventione
1559 2639 1676 2674 Aleae
1694 2649 1754 2673 am
1788 2656 1792 2665 ι
1823 2657 1824 2662 =

339 2685 500 2717 tissimae
527 2688 562 2718 et
588 2686 791 2719 carissimae
819 2688 979 2730 coniugis
1005 2690 1155 2722 nostrae'
1182 2689 1275 2731 (Affb
1303 2690 1420 2723 Stoi-ia
1454 2689 1491 2722 di
1515 2689 1645 2722 Parma
1660 2688 1692 2730 1,
1716 2685 1823 2722 342

342 2733 380 2776 2)
413 2733 612 2774 Hubertus,
647 2735 707 2777 qui
742 2738 778 2767 et
811 2737 949 2769 comitis
983 2736 1108 2780 palatii
1141 2749 1286 2771 munere
1322 2738 1464 2772 functus
1503 2742 1583 2779 est,
1616 2736 1751 2771 Bosoni
1800 2757 1823 2777 μ

342 2791 375 2815 e.
402 2781 472 2813 936
498 2782 535 2814 in
569 2781 698 2815 ducatu
723 2783 875 2817 Tusciae
901 2785 1178 2819 administrando
1206 2788 1389 2821 successit.
1438 2786 1493 2820 Ab
1529 2787 1659 2820 Ottone
1691 2794 1751 2830 ρο
1781 2800 1788 2812 ·-

341 2840 374 2862 a.
401 2830 469 2862 961
496 2831 533 2863 in
559 2830 702 2863 exilium
727 2833 853 2865 missus
880 2838 942 2866 est.
1013 2834 1051 2875 3)
1069 2835 1123 2868 ef.
1150 2846 1180 2868 e.
1208 2836 1265 2869 47.
1336 2834 1376 2879 4)
1393 2835 1653 2878 Velamentum,
1668 2833 1771 2879 palli·
1793 2822 1823 2887 ζ

342 2877 536 2921 mulierum,
563 2878 617 2912 cf.
643 2880 734 2922 Leg.
764 2891 795 2913 e.
821 2881 879 2914 37.
906 2882 965 2915 40.
994 2882 1051 2915 54.
1799 2886 1817 2910 1
