1838 3210
251 1019 316 1046 896.

207 1059 268 1085 Mai
289 1059 316 1085 4.

155 1134 318 1162 904—911.

249 1357 315 1383 897.

223 1396 312 1423 Febr.

177 1633 225 1667 ’μ
241 1635 307 1662 283.

127 2030 142 2055 1
157 2028 309 2064 cor.8,7.

339 231 380 264 18
541 230 841 265 LIUDPRANDI
866 231 1209 267 ANTAPODOSIS.
1259 232 1353 267 LIB.
1380 233 1409 269 1.
1461 232 1620 270 29-81.
1642 283 1644 285 .

446 342 511 384 29.
557 342 696 384 Causa
724 350 865 384 autem
904 342 1126 386 simultatis
1160 345 1269 387 inter
1298 346 1549 387 Formosum
1584 357 1642 402 pa
1769 344 1823 392 01

334 398 546 441 Romanos
575 398 678 440 haec
717 397 808 440 fuit.
867 399 1059 441 Formosi
1097 399 1319 443 decessore
1356 400 1553 444 defuncto
1566 407 1595 455 ¹,
1746 401 1812 446 ’us

335 453 506 511 quidam
536 454 751 496 Romanae
779 453 979 498 ecclesiae
1009 455 1211 498 diaconus
1240 465 1341 510 crat,
1372 471 1499 514 quem
1524 456 1811 502 Romanorum

333 524 430 577 pars
460 509 666 567 quaedam
696 524 852 567 papam
881 511 961 553 sibi
992 510 1186 568 elegerat.
1236 512 1457 566 Quaedam
1485 526 1587 556 vero
1605 527 1706 580 pars
1724 528 1817 558 non

331 566 477 609 infima
504 566 766 608 nominatum
786 567 1049 620 Formosum,
1078 568 1321 611 Portuensis
1350 569 1531 612 civitatis
1548 579 1810 627 episcopum,

333 637 409 680 pro
439 637 540 665 vera
567 620 769 677 religione
799 622 1121 680 divinarumque
1151 624 1438 667 doctrinarum
1458 625 1634 668 seientia
1652 638 1810 683 papam

333 678 412 722 sibi
442 679 531 720 fieri
559 676 793 721 anhelabat.
852 679 961 720 Nam
993 678 1094 721 dum
1123 681 1166 722 in
1197 694 1246 722 eo
1277 689 1398 735 esset,
1428 687 1477 723 ut
1505 680 1680 739 Sergius
1708 696 1736 724 a
1794 707 1811 716 -

332 735 534 778 stolorum
554 733 734 776 vicarius
754 733 936 777 ordinari
957 734 1184 790 debuisset,
1216 750 1278 790 ea,
1298 751 1407 794 quae
1425 737 1622 780 Formosi
1639 695 1812 782 &vemt

332 790 535 848 partibus,
570 804 667 846 pars
697 789 891 846 Sergium
920 805 1005 833 non
1034 791 1233 834 mediocri
1265 807 1363 835 cum
1392 791 1576 836 tumultu
1595 799 1639 836 et
1656 793 1812 837 iniuria

332 847 385 890 ab
415 845 534 888 altari
563 844 737 903 expulit,
768 853 810 889 ct
837 847 1088 889 Formosum
1115 862 1273 913 papam
1304 849 1533 891 constituit.
1569 851 1572 852 ⁷

442 903 508 945 30.
553 901 867 960 Descenditque
905 902 1076 960 Sergius
1113 918 1157 946 1n
1195 905 1415 958 Tusciam,
1454 905 1653 962 quatinus
1680 903 1811 948 Adel·

331 957 451 1012 berti,
496 957 776 1015 potentissimi
819 958 1084 1012 marchionis,
1129 960 1288 1002 auxilio
1331 961 1567 1014 iuvaretur3
1609 960 1724 1018 quod
1765 968 1811 1005 et

330 1014 485 1056 factum
515 1020 589 1056 est.
638 1013 747 1055 Nam
767 1014 972 1057 Formoso
1002 1014 1201 1059 defuncto
1228 1024 1355 1073 atque
1375 1016 1553 1059 Arnulfo
1572 1017 1618 1059 in
1636 1017 1812 1083 propria

331 1070 528 1124 extincto,
558 1070 593 1111 is
623 1070 692 1126 qui
722 1077 819 1126 post
837 1071 1032 1113 Formosi
1051 1086 1198 1114 necem
1220 1074 1470 1116 constitutus
1490 1079 1555 1116 est
1572 1071 1808 1130 expellitur,

332 1126 589 1182 Sergiusque
618 1139 732 1182 papa
766 1141 842 1182 per
868 1126 1144 1170 Adelbertum
1185 1130 1464 1172 constituitur.
1522 1129 1620 1182 Quo
1656 1129 1810 1172 consti-

330 1187 433 1235 tuto,
463 1189 510 1224 ut
535 1182 676 1238 inpius
696 1180 1066 1240 doctrinarumque
1086 1191 1327 1227 sanctarum
1347 1186 1534 1241 ignarus,
1553 1185 1808 1228 Formosum

331 1253 354 1281 e
392 1236 586 1294 sepulcro
630 1237 849 1281 extrahere
886 1246 1012 1296 atquc
1051 1240 1094 1281 in
1132 1240 1274 1283 sedem
1313 1241 1495 1283 Romani
1536 1240 1810 1298 pontificatus

330 1291 660 1336 sacerdotalibus
687 1294 946 1337 vestimentis
974 1294 1169 1338 indutum
1199 1296 1405 1340 collocare
1433 1297 1627 1354 precepit
1638 1305 1667 1340 ².
1725 1296 1809 1341 Oui

329 1356 371 1392 et
389 1350 469 1392 ait:
499 1348 623 1391 ‘Cum
642 1350 886 1392 Portuensis
906 1366 1018 1393 esses
1039 1353 1279 1410 episcopus,
1300 1367 1376 1395 cur
1393 1350 1636 1396 ambitionis
1656 1353 1809 1411 spiritu

328 1405 562 1447 Romanam
598 1405 877 1449 universalem
914 1410 1128 1464 usurpasti
1157 1409 1343 1452 sedem'?
1390 1409 1472 1452 His
1506 1424 1530 1452 e
1593 1409 1706 1464 letis,
1742 1423 1807 1452 sa-

330 1462 453 1503 cratis
482 1476 583 1503 mox
612 1468 788 1504 exutum
817 1463 1078 1506 vestimentis
1107 1465 1335 1522 digitisque
1368 1463 1505 1508 tribus
1533 1479 1560 1507 a
1589 1465 1723 1520 scisis,
1760 1465 1807 1508 in

327 1517 515 1560 Tiberim
543 1518 698 1560 iactare
727 1520 931 1575 precepit,
972 1527 1229 1578 cunctosque
1259 1535 1365 1578 quos
1393 1522 1407 1563 i
1441 1535 1486 1564 se
1525 1521 1807 1577 ordinaverat,

325 1572 462 1629 gradu
490 1574 660 1630 proprio
690 1573 915 1638 depositos,
944 1575 1096 1617 iterum
1118 1577 1338 1620 ordinavit.
1428 1577 1515 1620 uod
1541 1591 1669 1643 quam
1695 1575 1806 1620 male

326 1629 489 1685 *egeria
502 1638 622 1685 pater
632 1631 905 1682 sanctlssime,
922 1631 966 1672 in
982 1630 1062 1673 hoc
1076 1633 1411 1676 animadvertere
1420 1641 1592 1690 potens,
1603 1633 1805 1691 quoniam

328 1692 370 1728 et
396 1684 452 1737 hi,
483 1685 555 1741 qui
583 1699 609 1726 a
636 1685 755 1739 Iuda,
786 1685 946 1728 domini
974 1689 1106 1730 nostri
1134 1689 1231 1731 Iesu
1262 1688 1419 1732 Christi
1446 1688 1674 1747 proditore,
1706 1685 1828 1738 ants}

323 1739 605 1798 proditionem
641 1740 820 1783 salutem
860 1756 933 1784 seu
972 1743 1309 1787 benedictionem
1348 1744 1627 1802 apostolicam
1661 1754 1823 1811 perce-³

323 1803 488 1854 perunt,
517 1811 567 1839 ea
591 1804 688 1853 post
705 1797 988 1854 proditionem
1007 1801 1252 1857 propriique
1273 1802 1463 1859 corporis
1482 1815 1803 1858 suspensionem

322 1853 495 1894 minime
538 1859 636 1894 sunt
708 1854 844 1908 rivati,
888 1855 968 1896 nisi
1008 1870 1114 1912 quos
1152 1856 1347 1914 improba
1381 1857 1490 1900 forte
1525 1856 1805 1900 defaedarunt

322 1907 493 1965 flagitia.
551 1909 665 1951 Bene
699 1910 796 1951 'ctio
827 1910 1036 1975 siquidem
1065 1927 1173 1968 quae
1213 1913 1414 1956 ministris
1445 1913 1603 1956 Christi
1639 1914 1804 1971 impen-

323 1963 446 2018 ditur,
475 1978 561 2006 non
589 1979 665 2020 per
692 1980 789 2007 eum
849 1981 892 2007 ω
921 1967 1100 2022 videtur,
1136 1967 1211 2011 sed
1241 1970 1316 2026 qui
1342 1983 1428 2012 non
1457 1968 1637 2024 videtur,
1667 1983 1804 2013 sacer-

324 2018 465 2063 dotem
492 2020 738 2063 infunditur.
837 2036 945 2078 eque
973 2023 1084 2065 enim
1114 2025 1187 2081 qui
1216 2026 1327 2081 rigat
1355 2033 1420 2068 est
1449 2025 1624 2082 aliquid,
1663 2039 1804 2083 neque

326 2077 397 2132 qui
425 2075 600 2133 plantat,
629 2076 717 2130 sed,
747 2078 819 2134 qui
847 2078 1152 2122 incrementum
1182 2080 1267 2134 dat,
1297 2081 1414 2124 deus.

435 2132 501 2174 31.
545 2132 739 2185 Quantae
758 2140 899 2175 autem
918 2142 1029 2177 esset
1046 2137 1320 2191 auctoritatis,
1349 2144 1616 2194 quantaeque
1635 2136 1802 2203 religio·

322 2187 386 2229 nis
413 2202 525 2244 papa
554 2188 783 2231 Formosus
811 2188 949 2244 fuerit,
979 2191 1076 2233 hinc
1106 2191 1302 2248 colligere
1331 2207 1570 2249 possumus,
1599 2206 1801 2251 quomam

322 2242 423 2285 dum
452 2257 478 2284 a
504 2243 786 2300 piscatoribus
814 2246 1084 2302 postmodum
1113 2256 1223 2291 esset
1251 2250 1446 2292 inventus
1465 2257 1592 2306 atque
1611 2248 1668 2292 ad
1686 2248 1801 2293 beati

321 2298 435 2340 Petri
463 2299 748 2355 apostolorum
778 2302 981 2359 principis
1001 2303 1219 2346 ecclesiam
1241 2304 1486 2361 deportatus
1498 2311 1528 2360 ³,
1557 2312 1800 2348 sanctorum

322 2353 503 2410 quedam
531 2355 736 2412 imagines
764 2356 876 2400 hunc
905 2359 950 2400 in
977 2358 1115 2402 loculo
1144 2361 1329 2417 positum
1363 2360 1662 2404 venerabiliter
1688 2360 1799 2404 salu-

321 2416 474 2452 tarunt.
529 2410 625 2453 Hoc
659 2426 844 2470 namque
873 2428 899 2455 a
933 2414 1260 2471 religiosissimis
1295 2417 1513 2460 Romanae
1548 2416 1667 2460 urbis
1694 2417 1799 2460 viris

325 2535 360 2580 1)
387 2537 567 2581 Stephano
594 2539 624 2572 V
650 2539 748 2584 Sept.
779 2552 826 2574 m.
853 2541 936 2576 891.
987 2543 1088 2576 Anno
1121 2544 1260 2576 demum
1294 2544 1363 2576 897
1395 2546 1487 2578 inter
1511 2545 1707 2578 Iohannem
1731 2545 1800 2579 lx.

322 2590 358 2619 et
391 2586 552 2629 Sergium
590 2587 634 2620 de
672 2588 842 2632 dignitate
879 2591 1000 2635 papali
1039 2593 1298 2626 contentionem
1338 2598 1494 2627 exortam
1530 2603 1608 2628 esee
1646 2597 1798 2628 constat.

321 2632 360 2677 2)
379 2634 569 2669 Confundit
585 2635 643 2669 hio
661 2642 784 2671 auctor
801 2638 1017 2683 Stephanum
1036 2641 1099 2673 VI.
1118 2639 1341 2684 (896—897)
1361 2652 1440 2675 eum
1467 2642 1592 2686 Sei-glo
1608 2643 1678 2676 111.
1702 2652 1799 2687 papa

320 2683 556 2726 (em—911),
582 2695 728 2728 quorum
753 2690 899 2731 uterque
925 2689 1084 2723 For-mosi
1109 2689 1351 2733 pontificatum
1373 2692 1507 2725 irritum
1531 2691 1655 2725 haberi
1674 2691 1798 2734 voluit,

320 2731 384 2766 sed
408 2731 470 2766 ille
497 2732 541 2766 de
566 2734 735 2769 Formoso
768 2737 838 2769 iam
874 2737 1010 2781 sepulto
1043 2737 1212 2771 iudicium
1247 2739 1380 2781 habuit,
1414 2739 1474 2773 hic
1505 2739 1655 2774 clericos
1680 2739 1725 2773 ab
1752 2749 1795 2774 eo

321 2780 498 2815 ordinatos
522 2783 647 2816 iterum
675 2784 830 2818 ordinari
854 2786 968 2819 iussit.
1055 2785 1094 2829 3)
1112 2787 1168 2820 De
1194 2787 1355 2821 Formosi
1383 2788 1568 2823 cadaveris
1588 2789 1793 2822 inventione

321 2829 365 2863 cf.
391 2830 523 2865 Auxilii
546 2830 705 2865 libellum
731 2834 767 2866 in
793 2833 1033 2868 defensionem
1067 2845 1190 2869 sacrae
1225 2836 1456 2871 ordinationis
1489 2847 1604 2882 papae
1633 2838 1796 2872 Formosi

320 2888 342 2911 a
367 2889 423 2912 me
449 2879 579 2914 editum
605 2881 633 2923 1,
659 2892 690 2915 o.
718 2883 774 2914 11.
