1838 3210
252 354 317 381 898.

256 1369 322 1396 894.

255 1811 321 1837 Ian.

161 2045 219 2071 Ier.
234 2044 280 2078 19,
292 2044 320 2073 8.

189 2155 201 2168 ‘
211 2164 240 2190 p.
252 2157 318 2185 282.

265 2485 318 2520 (8-)

336 238 378 269 16
540 235 841 270 LIUDPRANDI
868 234 1215 270 ANTAPODOSIS.
1266 234 1361 267 LIB.
1388 233 1418 267 1.
1470 234 1628 269 21-25.

335 349 530 404 Cumque
560 348 603 389 in
635 363 685 389 eo
716 354 840 400 esset,
870 355 918 389 ut
938 347 1094 389 mutuis
1115 361 1207 389 sese
1229 345 1474 389 vulneribus
1494 345 1684 403 figerent,
1705 358 1825 391 more

335 404 458 447 solito
478 404 715 460 Bagoarius
746 418 857 460 equo
887 402 1029 445 versili
1058 403 1199 445 varios
1219 401 1530 459 perplexosque
1548 416 1627 460 per
1644 401 1825 445 amfrac-

334 468 402 503 tus
446 460 559 516 cepit
601 459 865 512 discurrere,
920 459 1119 515 quatinus
1166 458 1217 500 iis
1265 459 1527 514 argumentis
1575 457 1826 504 Hubaldum

334 523 478 574 posset
507 515 597 557 deci
633 530 716 558 ere.
766 515 926 557 Verum
957 529 1056 556 cum
1084 514 1164 556 hae
1182 520 1272 557 arte
1292 520 1412 570 terga
1431 521 1625 567 verteret,
1656 521 1704 557 ut
1722 528 1827 559 mox

333 572 500 614 rediens
531 530 779 613 Halialdum
810 587 864 613 ex
893 570 1074 613 adverso
1104 577 1356 626 percuteret,
1393 583 1530 626 equus
1559 570 1630 612 cui
1660 568 1824 613 Hubal-

333 628 413 670 dus
441 627 654 669 insederat
672 626 944 669 vehementer
964 625 1202 668 calcaribus
1222 625 1425 679 tunditur,
1456 633 1499 668 et
1548 640 1594 669 er
1611 624 1824 683 scapulas,

332 691 561 740 antequam
607 684 761 726 reverti
801 683 1038 739 Bagoarius
1088 689 1259 738 posset,
1298 680 1446 723 lancea
1483 639 1545 724 ag
1577 695 1651 723 cor
1688 695 1826 739 usque

333 739 580 796 perforatur.
648 738 874 781 Hubaldus
917 739 1048 794 igitur
1092 738 1209 780 freno
1253 737 1541 793 Bagoaricum
1583 737 1825 794 percipiens

334 810 505 852 equum,
535 796 677 852 ipsum
706 796 749 836 in
780 795 919 837 medio
950 793 1110 836 fluvioli
1131 793 1252 836 alveo
1273 800 1451 836 exutum
1473 792 1687 836 hominem
1707 793 1826 836 dere-

334 850 362 892 li
395 852 478 904 uit3
519 852 665 916 sicque
695 865 868 893 suorum
906 851 1082 892 iniuriae
1122 848 1255 904 ultor,
1296 848 1349 891 de
1386 847 1600 906 triumpho
1639 847 1697 892 ad
1724 863 1827 892 suos

334 866 443 949 rebit
481 905 663 949 hilarior.
722 907 816 949 Hoc
854 920 955 949 sanc
993 906 1153 948 factum
1193 921 1278 948 non
1317 904 1574 948 mediocrem
1603 905 1826 962 Bagoariis

334 970 548 1012 terrorem,
581 962 737 1005 Italicis
771 962 985 1004 audatiam
1015 961 1204 1004 eontulit.
1262 962 1374 1003 Inito
1409 961 1596 1018 quippe·
1624 961 1827 1018 Bagoarii

335 1017 522 1071 consilio,
552 1017 849 1075 nonnullisque
871 1017 1157 1060 Centebaldus
1181 1033 1207 1059 a
1227 1016 1413 1060 Widone
1442 1017 1608 1074 argenti
1636 1017 1826 1074 acceptis

332 1074 604 1131 ponderibus,
635 1076 679 1116 in
740 1075 884 1131 ropria
912 1074 1131 1119 remeavit.

446 1130 512 1172 22.
556 1130 694 1186 Igitur
753 1131 997 1186 erengarius
1027 1130 1129 1172 dum
1160 1128 1233 1171 ubi
1262 1143 1468 1196 prospera
1496 1128 1578 1172 sibi
1607 1127 1828 1172 adversari

334 1187 610 1243 prospiceret,
642 1201 739 1228 cum
761 1185 1022 1228 Centebaldo
1047 1186 1206 1242 pariter
1225 1185 1392 1227 Arnulh
1420 1185 1534 1242 regis
1562 1184 1652 1227 adit
1679 1192 1828 1242 poten·

334 1242 449 1295 tiam,
481 1256 604 1284 orans
632 1257 683 1284 ac
712 1241 929 1299 pollicens,
959 1249 1006 1284 ut
1035 1243 1069 1283 si
1098 1242 1242 1307 ipsum
1270 1241 1504 1295 adiuvaret,
1534 1255 1580 1283 se
1607 1246 1827 1298 totamque

334 1296 514 1352 Italiam,
544 1305 592 1340 ut
620 1305 718 1340 ante
779 1299 1011 1352 romiserat,
1042 1297 1200 1339 dicioni
1221 1311 1323 1339 suae
1343 1302 1615 1363 supponeret.
1662 1296 1827 1339 Tantae

335 1354 370 1396 si
403 1353 545 1395 uidem
581 1361 629 1396 ut
663 1314 928 1411 prediximus
966 1354 1261 1410 promissionis
1298 1362 1437 1410 gratia
1473 1353 1653 1406 excitus,
1692 1353 1838 1410 copiis

336 1424 386 1451 co
403 1408 524 1451 lectis
565 1425 652 1452 non
691 1411 901 1463 minimis,
944 1409 1114 1452 Italiam
1152 1409 1254 1455 adit.
1323 1409 1405 1451 Cui
1442 1409 1739 1464 Rei-enganna,
1778 1413 1829 1452 ut

333 1466 625 1521 promissionis
655 1480 756 1508 suae
785 1465 913 1507 fidem
942 1465 1074 1519 daret,
1113 1465 1375 1508 credulitatis
1404 1463 1611 1508 arrabone
1641 1463 1827 1522 clipeum

364 1528 486 1563 ortat.

332 1537 360 1578 p
445 1577 512 1619 23.
558 1578 792 1634 Susceptus
831 1578 890 1619 ita
922 1592 975 1619 ue
1014 1592 1040 1618 a
1078 1576 1411 1631 Veronensibus,
1448 1575 1504 1618 ad
1542 1575 1694 1620 urbem
1727 1590 1824 1642 pro·

333 1632 539 1675 ficiscitur
575 1634 845 1688 Pergamum.
962 1633 1005 1675 bi
1044 1633 1146 1675 dum
1188 1632 1429 1675 firmissima
1465 1631 1549 1674 loci
1590 1632 1829 1676 munitione

334 1687 501 1742 confisi,
541 1689 671 1730 immo
703 1689 891 1744 decepti,
929 1689 1121 1731 homines
1152 1689 1190 1731 ei
1220 1703 1439 1731 occurrere
1468 1687 1639 1743 nollent,
1669 1694 1832 1744 οαεαξ

332 1745 544 1786 metatusb
575 1744 739 1798 eodem,
769 1743 868 1786 belli
896 1744 1140 1786 fortitudine
1160 1744 1309 1787 urbem
1335 1745 1460 1800 cepit,
1489 1742 1667 1801 iugulat,
1696 1743 1826 1789 tmciz-

334 1799 420 1842 dat.
464 1799 658 1843 Civitatis
688 1801 816 1843 etiam
846 1801 1057 1854 comitem,
1088 1799 1343 1842 Ambrosius
1371 1800 1553 1854 nomine,
1582 1813 1681 1842 cum
1709 1813 1824 1866 ense1

333 1855 489 1909 balteo,
518 1855 705 1910 armillis,
735 1857 969 1912 ceterisque
989 1857 1303 1912 pretiosissimis
1329 1855 1600 1910 indumentis,
1620 1854 1826 1913 suspendl

335 1919 433 1954 ante
471 1919 592 1968 porte
630 1913 800 1954 ianuam
837 1912 950 1954 fecit.
1018 1911 1147 1965 Quod
1163 1920 1174 1942 ¹
1214 1911 1375 1954 factum
1414 1912 1593 1955 caeteris
1628 1911 1836 1954 omnibus

334 1966 513 2010 urbibus
543 1969 791 2025 cunctisque
821 1966 1086 2024 principibus
1114 1975 1317 2010 terrorem
1343 1982 1526 2033 parvum
1554 1982 1641 2010 non
1663 1965 1826 2022 attulit;

336 2025 593 2080 quicumque
621 2023 702 2066 hoc
730 2023 935 2078 audierat,
963 2030 1144 2080 utraque
1172 2024 1288 2066 auris
1316 2038 1407 2066 elus
1436 2021 1656 2067 tinniebat.
1815 2073 1818 2074 ⁷

445 2079 512 2121 24.
557 2079 922 2122 Mediolanenses²
964 2080 1097 2136 igitur
1138 2087 1265 2136 atque
1295 2079 1544 2122 Ticinenses
1586 2079 1669 2122 hae
1709 2078 1838 2121 famat-

333 2135 558 2192 perterriti,
588 2137 679 2177 eius
718 2150 803 2178 non
836 2136 953 2192 passi
982 2142 1080 2177 sunt
1108 2134 1359 2192 *prestolari
1388 2135 1636 2190 adventum,
1674 2137 1833 2179 verumk

332 2193 540 2248 premissa
574 2190 806 2248 legatione,
849 2192 1024 2233 iussioni
1053 2205 1155 2233 suae
1185 2206 1230 2233 se
1260 2191 1624 2256 obtemperaturos
1652 2191 1833 2248 promi&

331 2253 439 2289 tunt.
498 2247 700 2290 Ottoncm
738 2248 906 2305 itaque,
947 2247 1167 2290 Saxonum
1205 2247 1545 2302 potentisS1mum
1573 2246 1740 2300 ducem,
1767 2258 1833 2290 --ἓ

331 2301 458 2344 huius
472 2310 488 2330 ⁰
506 2301 801 2359 gloriosissimi
820 2310 948 2360 atque
967 2303 1234 2344 invictissimi
1263 2318 1308 2344 re
1341 2303 1378 2344 is
1398 2301 1582 2357 Ottonis,
1642 2302 1687 2344 ui
1710 2311 1832 2356 nunc,

333 2365 526 2415 superest
554 2365 597 2400 et
623 2358 800 2401 feliciter
821 2365 984 2415 regnat,
1012 2358 1148 2400 avusd
1168 2385 1225 2390 --
1243 2359 1314 2401 Me
1348 2357 1550 2401 ’olanium
1568 2357 1622 2401 de
1641 2358 1758 2401 ensio
1790 2357 1800 2368 '

330 2415 469 2471 gratia
497 2413 577 2456 diri
612 2415 663 2468 it3
693 2422 810 2457 reeta
837 2415 930 2471 ipse
958 2415 1157 2456 Ticinum
1186 2414 1334 2457 tendit.
1758 2371 1834 2468 m}

443 2470 511 2512 25.
613 2470 706 2512 ido¹
729 2471 912 2527 denique
955 2469 1079 2511 huius
1115 2471 1174 2511 im
1208 2477 1324 2513 etum
1367 2470 1504 2512 ferre⁰
1540 2483 1627 2512 non
1663 2468 1838 2525 valens&

334 2525 607 2569 Camerinum
637 2525 943 2582 Spoletumque
981 2541 1131 2568 versus
1188 2526 1341 2581 ugeref
1380 2526 1505 2582 cepit.
1563 2525 1704 2579 Quem
1731 2525 1838 2582 sin&

1803 2585 1838 2629 e

329 2676 482 2752 aeguipz
501 2679 526 2705 1.
626 2676 657 2711 b)
681 2678 903 2703 castrametatis
926 2678 951 2702 1.
1052 2675 1079 2709 c)
1102 2677 1213 2702 huiuus
1237 2677 1263 2702 1.
1363 2675 1394 2708 d)
1418 2677 1458 2702 ita
1482 2678 1509 2705 1.
1542 2677 1570 2703 8.
1651 2675 1680 2710 ο)
1702 2675 1772 2704 fere
1793 2656 1830 2719 [ἲ

407 2724 445 2749 gc
487 2737 493 2743 .
1826 2733 1829 2735 >

332 2834 369 2878 1)
395 2835 451 2869 Of.
476 2835 568 2869 Ann.
595 2834 793 2868 Fuldenses
819 2844 852 2868 a.
878 2833 968 2876 894;
1002 2834 1112 2868 Gesta
1138 2835 1347 2878 Berengarii
1373 2835 1458 2878 imp.
1485 2834 1554 2875 111,
1581 2845 1615 2868 ν.
1644 2833 1710 2866 121
1740 2813 1831 2887 sqq}

330 2883 368 2927 2)
396 2884 450 2917 ef.
478 2884 567 2917 Anu.
594 2882 698 2917 rum.
1808 2884 1831 2935 ξέ
