1838 3210
263 387 332 414 898.

258 664 331 700 (ιι.)

198 1447 208 1458 ”
220 1457 249 1482 p.
265 1450 331 1476 285.

258 2391 330 2427 (12.)

263 2431 330 2458 Oct.

254 2471 331 2497 Nov.

1720 30 1738 56 §a
1802 0 1838 268 ³

346 258 392 289 22
553 255 855 289 LIUDPRANDI
882 253 1227 290 ANTAPODOSIS.
1280 254 1375 288 LIB.
1403 254 1432 287 Ι.
1484 236 1640 288 89—42.
1779 247 1781 250 ⁴

346 368 443 422 tiae,
473 374 520 409 ut
549 367 658 409 inter
687 380 832 409 omnes
862 365 1009 409 Italiae
1039 365 1252 423 principes
1288 364 1402 407 solus
1432 365 1524 423 ipse
1553 378 1606 409 co
1666 371 1838 411 omento·

345 423 556 466 diceretur
584 423 732 465 Dives.
791 422 906 464 Huic
945 429 1035 465 erat
1070 436 1179 464 uxor
1215 421 1387 464 nominc
1417 421 1548 465 Berta
1561 428 1591 475 ¹,
1666 422 1836 479 ugonis,

345 487 489 522 nostro
519 485 617 535 post
643 486 834 536 tempore
862 478 989 534 regis,
1019 485 1174 531 mater-3
1205 477 1327 520 cuius
1347 477 1549 520 instinctu
1567 483 1656 520 tam
1674 477 1838 521 nefaria

346 536 460 592 cepit
488 535 580 592 ipse
610 534 810 577 facinora.
869 534 978 576 Nam
1009 533 1184 577 collecto
1214 534 1420 587 exercitu,
1450 547 1548 575 cum
1578 531 1836 591 Ildeprando

346 592 501 635 comite
530 597 770 633 constanter
797 590 976 656 Papiam
1004 589 1177 633 tendere
1205 589 1388 632 festinat.

458 648 525 690 40.
569 646 821 689 Lambertus
863 653 1024 688 interea
1066 661 1143 688 rex
1185 645 1335 687 harum
1377 659 1519 687 rerum
1562 645 1746 700 inscius,
1789 645 1835 689 in

347 703 552 755 Marinco,
582 702 663 744 XL
692 702 823 746 ferme
843 700 1014 745 milibus
1033 702 1170 758 Papia
1188 701 1361 754 distans,
1392 698 1692 744 venationibus
1712 715 1837 744 occu-

346 766 484 816 patur.
534 758 730 815 Cumque
758 757 909 814 prefati
938 757 1125 800 marchio
1154 763 1196 799 et
1224 771 1366 800 comes
1404 771 1503 799 cum
1540 758 1732 800 inmenso
1761 755 1838 801 sed

345 814 533 858 invalido
575 814 813 856 Tuscorum
856 814 1045 856 exercitu
1089 813 1299 855 Bardonis
1342 819 1555 855 montem²
1596 813 1836 868 transirent,

344 870 573 914 Lamberto
602 871 694 926 regi
723 870 865 913 medio
895 870 938 911 in
966 884 1138 913 nemore
1167 869 1352 923 venanti,
1387 876 1433 912 ut
1461 883 1555 912 sese
1583 884 1651 912 res
1678 868 1838 913 habue-

343 934 422 982 rat,
451 927 682 968 nuntiatur.
726 927 769 969 Is
798 941 912 979 vero,
944 926 1056 968 sicut
1083 931 1174 968 erat
1200 925 1333 967 animi
1363 931 1560 968 constans
1587 924 1838 983 viribusque

345 990 508 1040 potenS,
549 997 648 1024 suos
677 997 763 1024 non
791 996 943 1040 passus
972 989 1037 1024 est
1065 981 1219 1024 milites
1258 980 1499 1039 prestolari3
1535 980 1613 1024 sed
1648 979 1837 1026 collectis

345 1053 451 1105 quos
481 1053 626 1080 secum
656 1038 875 1092 habuerat,
906 1046 1076 1081 centum
1105 1038 1236 1080 ferme
1266 1036 1484 1091 militibus,
1513 1051 1641 1080 cursu
1671 1037 1838 1096 prepeti

345 1110 407 1138 eis
437 1094 610 1138 obviare
638 1093 819 1138 festinat.

455 1151 524 1193 41.
568 1151 744 1193 Iamiam
773 1150 1034 1193 Placentiam
1063 1156 1254 1203 venerat,
1285 1163 1381 1191 cum
1411 1148 1483 1191 hi·
1517 1149 1630 1192 iusta
1657 1148 1838 1193 fluvium

347 1206 631 1250 Sesterionem
675 1206 730 1248 ad
771 1206 957 1263 burgum
970 1214 1001 1260 ⁸,
1044 1206 1089 1248 in
1132 1220 1215 1263 quo
1259 1205 1545 1248 sanctissimib
1583 1210 1629 1248 et
1662 1205 1838 1263 pretiosi

345 1263 542 1318 martyris
570 1263 776 1305 Domnini
806 1277 962 1319 corpus
991 1263 1179 1319 positum
1206 1267 1445 1315 veneratur,
1485 1267 1626 1304 castra
1652 1268 1838 1305 metasse

344 1319 602 1361 nuntiantur.
661 1319 910 1374 Ignorantes
939 1319 998 1360 ita
1029 1333 1095 1372 ue,
1130 1318 1234 1375 quid
1263 1323 1574 1375 superventura
1600 1331 1691 1360 nox
1717 1332 1836 1375 pare-

345 1380 422 1428 ret,
451 1373 710 1417 temetolenti
729 1381 826 1431 post
845 1389 989 1416 nonnu
1020 1389 1045 1415 a
1073 1373 1239 1416 inutilia
1267 1373 1565 1430 tragodimata,
1592 1373 1638 1416 id
1657 1381 1723 1417 est
1738 1387 1835 1417 can-

344 1430 492 1483 tiones,
529 1445 677 1472 somno
707 1446 799 1473 sese
837 1430 1005 1485 dedere,
1043 1436 1234 1484 stertere3
1264 1444 1467 1472 nauseam
1508 1428 1581 1472 alii
1611 1431 1838 1487 *sumptus

344 1487 671 1543 intemperantia
699 1487 850 1529 facere.
907 1487 1002 1528 Rex
1031 1487 1174 1542 igitur,
1209 1500 1308 1528 cum
1337 1486 1468 1528 animi
1504 1486 1627 1529 ferox
1654 1492 1747 1528 tum
1774 1486 1838 1528 ill-1

343 1543 469 1599 genio
499 1541 669 1595 callens,
708 1543 753 1583 in
781 1543 873 1599 ipso
904 1557 976 1585 eos
1005 1543 1140 1585 noctis
1176 1542 1406 1584 conticinio
1435 1542 1652 1600 opprimit,
1681 1540 1832 1585 dormi-

345 1605 462 1641 entes
490 1598 600 1651 ferit,
631 1600 857 1641 oscitantes
886 1598 1063 1655 iugulat.
1110 1599 1297 1640 Ventum
1326 1597 1511 1655 denique
1539 1596 1596 1640 ad
1621 1597 1739 1655 ipsos
1758 1604 1832 1652 est,

345 1655 418 1710 qui
457 1654 583 1696 huius
623 1654 818 1696 ductores
861 1655 1075 1697 exercitus
1118 1660 1249 1696 erant.
1317 1653 1512 1711 Cumque
1555 1653 1608 1696 iis
1650 1668 1738 1697 non

344 1708 612 1752 multitudine
640 1709 760 1763 alius,
801 1709 876 1752 sed
904 1725 982 1752 rex
1010 1711 1102 1767 ipse
1131 1709 1310 1767 preclari
1349 1709 1475 1752 huius
1502 1709 1702 1752 facinoris
1729 1723 1819 1753 nun

343 1766 428 1807 tius
463 1771 594 1819 esset,
631 1781 716 1808 non
754 1765 849 1808 dico
919 1766 1131 1823 ugnandi,
1172 1780 1323 1808 verum
1361 1765 1552 1822 fugiendi
1579 1771 1715 1809 terror
1741 1765 1757 1808 i
1789 1780 1831 1809 se

343 1820 519 1864 abstulit
555 1821 813 1864 facultatem.
871 1780 1032 1864 serum
1061 1821 1341 1878 Ildeprandus
1376 1821 1480 1879 fuga
1514 1820 1556 1864 la
1585 1836 1672 1877 sus,
1706 1820 1749 1864 A
1779 1819 1829 1866 el-

342 1875 511 1919 bertum
550 1878 659 1919 intra
701 1877 947 1920 animalium
982 1893 1162 1935 presepe
1191 1877 1424 1920 latitantem
1453 1835 1690 1935 dereliquit.
1747 1877 1828 1932 Qu.

344 1932 448 1975 dum
476 1940 668 1990 repertus
697 1941 809 1976 esset
836 1941 963 1999 atque
991 1940 1089 1976 ante
1118 1934 1229 1990 regis
1258 1934 1515 1990 presentiam
1543 1933 1709 1988 ductus,
1737 1948 1827 1977 elur

343 1987 441 2031 ilico
483 1990 543 2031 ita
585 1990 803 2032 convenit:
848 1989 1056 2033 ⁴S1billin0
1100 1990 1253 2047 spiritu
1290 2004 1470 2033 uxorem
1507 1996 1627 2032 tuam
1661 1989 1826 2034 Bertm

374 2044 619 2100 rophetasse
649 2046 872 2099 credimus,
903 2060 1012 2103 quae
1040 2052 1082 2088 te
1113 2046 1289 2089 scientia
1310 2061 1388 2088 sua
1407 2060 1553 2103 regem
1572 2052 1649 2088 aut
1666 2046 1761 2089 asin

360 2107 551 2143 acturam
579 2102 785 2158 promisit.
837 2102 1000 2145 Verum
1030 2102 1132 2159 quia
1159 2117 1304 2158 regem
1332 2101 1479 2157 noluit,
1508 2107 1595 2155 aut,
1622 2108 1671 2145 ut
1802 2101 1813 2111 '

345 2156 602 2199 credendum
640 2163 715 2211 est,
753 2172 840 2200 non
875 2159 1036 2215 potuit,
1076 2159 1255 2212 asinum,
1294 2173 1349 2200 ne
1386 2159 1646 2212 mentiretur,
1682 2157 1805 2202 effeci

344 2211 447 2254 dum
476 2219 518 2254 te
547 2227 643 2254 cum
663 2214 872 2256 Arcadiae
899 2213 1181 2271 pecuaribus⁴
1209 2214 1266 2256 ad
1294 2229 1472 2270 presepe
1501 2213 1712 2257 declinare
1740 2227 1818 2257 coe

375 2268 439 2310 ’t’!
495 2269 694 2311 Preterea
721 2268 802 2312 hoc
832 2283 927 2312 cum
956 2271 1036 2312 isto
1066 2269 1256 2312 nonnulli
1294 2271 1539 2328 capiuntur,
1578 2270 1751 2313 vinciun

381 2323 525 2380 apiam
553 2324 776 2380 ducuntur,
808 2325 999 2369 custodie
1028 2327 1340 2383 mancipantur.

456 2380 525 2421 42.
568 2380 650 2422 His
679 2381 738 2422 ita
766 2383 910 2446 gestis,
939 2397 1016 2425 rex
1044 2383 1196 2425 iterum
1215 2381 1470 2424 Lambertus
1490 2381 1653 2438 prefato
1672 2382 1718 2424 in
1735 2380 1820 2425 loct

344 2434 536 2476 Marinco
577 2437 875 2480 venatiombus
906 2446 1152 2494 occupatur,
1184 2438 1325 2494 quoad
1365 2438 1555 2480 omnium
1590 2438 1820 2496 principun

345 2490 528 2546 decreto,
560 2491 664 2547 quid
693 2507 819 2549 super
838 2494 973 2550 captis
993 2494 1204 2550 agendum
1230 2501 1351 2548 esset,
1381 2492 1696 2537 deliberaretur.
1746 2491 1819 2537 Set

346 2639 376 2673 a)
398 2640 418 2666 h
442 2642 468 2667 1.
549 2640 580 2675 b)
602 2642 771 2669 sanctisimi
796 2645 822 2671 1.

351 2755 389 2802 1)
414 2757 575 2792 Lotharii
599 2759 638 2793 11
662 2762 757 2804 regis
784 2766 819 2795 et
843 2762 1062 2796 Waldradae
1088 2762 1172 2805 filia,
1206 2764 1314 2807 priori
1347 2765 1570 2798 matrimonio
1596 2774 1678 2798 eum
1700 2763 1801 2798 Theo

349 2806 457 2840 baldo
500 2809 629 2842 comite
672 2811 872 2844 coniuncta.
953 2812 1008 2844 De
1046 2811 1239 2845 Adalberto
1280 2812 1325 2846 cf.
1365 2813 1457 2846 infra
1495 2813 1556 2855 11,
1594 2824 1626 2847 c.
1663 2811 1726 2846 38.
1770 2813 1792 2846 8

350 2853 388 2897 2)
416 2855 471 2889 ef.
496 2866 603 2900 supra
629 2868 659 2890 c.
687 2858 745 2892 34.
843 2859 884 2903 3)
911 2861 1028 2902 Borgo
1064 2861 1137 2894 San
1162 2862 1349 2902 Donnino;
1384 2862 1511 2895 fluvius
1536 2861 1643 2895 hodie
1676 2861 1772 2896 Stiro

349 2902 388 2945 4)
416 2903 471 2937 Cf.
495 2904 594 2939 Pers.
620 2906 695 2940 Sat.
722 2907 791 2949 111,
817 2908 858 2941 9:
884 2909 1060 2942 Arcadiae
1086 2911 1268 2954 pecuaria.
