1838 3210
250 372 315 400 898.

147 1142 197 1171 ra.
219 1143 266 1178 ιο,
289 1143 316 1170 3.

116 1309 261 1345 nomio,
271 1310 317 1338 26.

181 1426 191 1439 “
202 1437 232 1462 p.
246 1429 313 1457 286.

331 243 377 276 24
536 241 836 277 LIUDPRANDI
862 242 1206 278 ANTAPODOSIS.
1258 242 1353 276 LIB.
1380 243 1409 276 1.
1462 237 1616 279 42—44'.

332 353 488 398 Christi
518 353 758 411 proditoris,
787 352 959 419 apellari
989 368 1074 396 non
1103 354 1292 408 erubuit3
1318 363 1360 398 et
1389 355 1504 413 quod
1533 362 1598 399 est
1623 333 1838 427 gravium}

331 410 632 467 sempiternum
671 409 895 466 suplicium
933 410 1169 453 subiturum
1208 426 1302 454 sese
1341 425 1425 454 non
1461 411 1624 467 timuit3
1665 425 1812 455 verum

332 466 551 509 conamine
588 473 674 508 toto
710 466 877 518 virium,
919 464 1034 522 ligno
1068 481 1152 508 non
1191 466 1359 510 modico
1393 467 1616 511 dormienti
1656 466 1838 515 collum

332 521 470 578 fregit.
530 520 709 563 Gladio·
739 523 840 586 quip
875 535 897 564 e
927 521 1050 564 ferire
1080 523 1232 577 timuit,
1267 537 1321 565 ne
1357 524 1522 581 peccati
1558 523 1684 567 huius
1712 537 1812 568 auc-

331 585 465 622 torem
493 591 560 619 res
590 591 685 619 eum
716 591 813 619 man
848 584 938 620 csta
972 577 1183 634 probaret.
1241 578 1306 621 Eo
1342 594 1438 622 nam
1472 594 1525 622 ue
1563 594 1683 623 mens
1774 594 1838 640 1··„j

331 648 452 676 versa
489 633 548 675 ita
584 633 682 689 egit,
725 641 773 675 ut
809 646 894 675 non
930 632 1061 689 gladii
1099 635 1296 688 cicatriX,
1340 635 1415 678 sed
1443 594 1557 693 ligni
1694 636 1704 647 ‘
1724 643 1838 680 esta

333 688 506 743 collisio,
551 688 662 730 hunc
701 688 1041 746 repperientibus
1083 690 1209 733 fidem
1252 690 1401 734 darent
1443 706 1554 749 equo
1593 691 1838 748 cecidisses

333 744 512 802 collique
550 744 758 787 fraccione
797 745 1010 788 hominem
1049 747 1243 789 exivisse.
1311 747 1539 814 Latuitque
1575 762 1654 806 per
1680 762 1814 792 annos

331 815 397 844 res
427 814 551 858 quam
583 800 800 858 plurimos.
852 800 937 843 Sed
966 801 1067 844 dum
1088 816 1290 859 processu
1308 809 1511 860 temporis
1530 803 1816 862 Berengarius

331 871 421 910 rex,
465 855 578 898 nullo
619 855 699 899 sibi
738 857 969 912 resistente,
1013 872 1191 915 regnum
1230 858 1406 902 viriliter
1449 859 1678 915 obtineret,
1720 860 1838 918 ipse?

330 919 470 955 reatus
529 913 672 970 roprii,
703 913 812 956 sicut
839 912 976 956 fuerat
1002 919 1163 968 auctor,
1202 914 1342 958 extitit
1399 915 1572 971 roditor,
1608 915 1822 974 implevi?

333 968 440 1025 queb
470 968 484 1010 i
516 968 574 1010 ud
604 968 718 1026 quod
747 983 823 1011 rex
853 975 895 1012 et
928 969 1135 1026 propheta
1170 972 1302 1013 canit:
1352 931 1579 1025 ‘Quoniam
1616 970 1815 1016 laudatur

362 1031 530 1067 cecator
557 1025 600 1066 in
630 1024 850 1068 desideriis
889 1026 1054 1069 animae
1087 1041 1218 1079 suae,
1257 1033 1298 1069 et
1334 1027 1482 1084 iniqua
1508 1042 1660 1085 gerens
1687 1027 1813 1073 bene·

363 1080 510 1122 'citur'.
579 1080 665 1123 Sed
704 1087 746 1123 et
780 1080 896 1123 aliud
933 1081 1084 1125 fecisse
1120 1083 1293 1125 minime
1333 1083 1470 1139 potuit
1517 1091 1693 1142 propter
1733 1084 1814 1128 hec

330 1136 465 1193 ipsius
494 1137 682 1178 veritatis
721 1138 852 1179 verba
889 1136 1087 1180 dicentis:
1128 1138 1282 1180 ‘Nichil
1320 1148 1535 1195 opertum,
1576 1140 1692 1198 quod
1728 1153 1816 1185 non

330 1191 546 1247 reveletur,
577 1200 619 1235 et
647 1191 872 1247 occultum,
903 1193 1018 1250 quod
1046 1208 1131 1236 non
1160 1194 1203 1236 in
1232 1194 1449 1251 publicum
1479 1197 1648 1240 veniat'.

441 1248 536 1290 *43.
580 1249 659 1290 His
689 1249 749 1291 ita
778 1249 921 1305 gestis,
964 1265 1041 1293 rex
1077 1250 1360 1307 Berengarius
1398 1251 1595 1310 ampliori
1636 1253 1817 1310 pristina

330 1303 533 1359 dignitate
561 1305 678 1360 regia
707 1304 955 1360 honoratur-3
991 1305 1247 1350 Adelbertus
1289 1307 1476 1351 marchio
1516 1316 1558 1352 et
1596 1309 1726 1352 ceteri
1759 1309 1816 1354 ad

329 1360 502 1416 propria
532 1359 805 1402 destinantur.

440 1415 506 1457 44.
551 1415 674 1458 Iuvat
712 1423 864 1470 autem,
901 1424 1021 1473 pater
1058 1417 1304 1474 karissime,
1345 1421 1449 1463 tanti
1487 1420 1614 1464 huius
1653 1421 1815 1466 obitum

328 1470 440 1526 regis
470 1477 512 1514 et
541 1470 734 1514 deflendo
765 1473 951 1516 scribere
981 1480 1022 1516 et
1051 1473 1274 1517 scribendo
1303 1475 1471 1519 deflere.
1529 1477 1673 1520 Inerat
1698 1492 1816 1521 nam-

330 1541 412 1591 que
441 1526 501 1568 illi
530 1526 706 1570 honesta
734 1543 901 1571 morum
931 1530 1132 1586 probitas,
1163 1538 1310 1574 sancta
1338 1539 1379 1574 et
1407 1531 1679 1577 formidolosa
1698 1547 1816 1578 seve-

329 1590 444 1637 ritas,
475 1590 516 1626 et
574 1598 671 1626 uem
700 1585 898 1628 iuventus
929 1586 1106 1628 ornabat
1133 1587 1177 1628 in
1204 1601 1277 1629 cor
1308 1602 1379 1631 ore
1400 1587 1634 1646 splendida,
1662 1591 1817 1634 mentis

331 1638 506 1681 canities
578 1648 825 1683 ecoraverat
863 1649 1021 1684 sancta.
1079 1641 1209 1685 Plane
1242 1602 1338 1699 pinis
1376 1644 1390 1686 i
1424 1659 1468 1687 se
1506 1646 1567 1688 rei
1605 1644 1817 1703 publicae,

332 1708 458 1750 quam
488 1709 554 1737 res
583 1694 751 1752 publica
790 1696 955 1739 decoris
994 1698 1032 1739 ei
1070 1698 1314 1741 contulerat.
1415 1700 1501 1743 uod
1538 1701 1576 1744 si
1611 1715 1699 1745 non
1733 1702 1818 1746 cita

330 1764 443 1792 mors
472 1750 585 1793 hunc
613 1760 793 1807 raperet,
823 1753 859 1794 is
889 1759 1010 1807 esset,
1041 1755 1112 1810 qui
1141 1762 1239 1810 post
1266 1755 1553 1799 Romanorum
1582 1758 1817 1815 potentiam

331 1811 464 1848 totum
494 1806 573 1849 sibi
604 1806 749 1850 orbem
778 1808 956 1851 viriliter
984 1809 1269 1866 subiugaretn
1823 1824 1825 1826 ·

698 1923 979 1968 EXPLICIT
1007 1926 1184 1968 LIBER
1213 1926 1442 1971 PRIMUS.

331 2059 360 2094 a)
385 2059 496 2087 Gladio
520 2076 553 2081 —-
576 2062 607 2087 in
629 2063 785 2094 publicum
806 2064 910 2090 veniat
931 2065 1031 2090 desunt
1052 2066 1082 2090 in
1104 2066 1245 2091 codicibus
1268 2067 1294 2094 3.
1374 2067 1404 2100 b)
1428 2068 1595 2101 impletque
1618 2071 1645 2095 1.

332 2178 368 2221 1)
389 2180 442 2213 cf.
457 2181 638 2214 Lamberti
654 2182 871 2226 epitaphium
890 2183 935 2216 ab
950 2184 1169 2218 Hartmanno
1186 2185 1340 2219 Schedel
1356 2185 1583 2230 descriptum,
1601 2198 1623 2221 a
1635 2189 1813 2225 Guilelmo
1837 2230 1838 2234 Ἰ

330 2228 567 2263 wattenbach
594 2229 726 2263 editum
753 2230 1024 2275 (Forschungen
1050 2244 1111 2266 zur
1137 2233 1331 2268 deutschen
1359 2234 1574 2270 Geschichte
1599 2237 1663 2279 XI,
1688 2237 1797 2283 874J:
1837 2241 1838 2288 ᾗ

571 2278 751 2322 Sanguine
777 2281 946 2324 precipuo
972 2282 1187 2316 Francorum
1214 2284 1383 2326 germinis
1409 2289 1504 2318 ortus

619 2327 830 2361 Lambertus
855 2329 921 2362 fuit
945 2330 1004 2363 hic
1031 2341 1131 2364 cesar
1155 2332 1191 2364 in
1218 2332 1302 2364 orbe
1332 2336 1470 2376 potens.

571 2374 670 2408 Alter
697 2381 772 2408 erat
799 2377 1061 2420 Constantinus,
1087 2379 1309 2414 Theodosius
1336 2381 1436 2423 alter,

618 2424 666 2456 Et
691 2425 853 2468 princeps
879 2428 979 2470 pacis
1006 2427 1121 2462 clarus
1147 2439 1265 2462 amore
1291 2430 1405 2463 nimis.

525 2472 545 2504 5
572 2472 683 2513 Quam
710 2474 844 2516 patrios
869 2473 967 2516 fines,
994 2486 1099 2519 quam
1125 2477 1261 2511 fortiter
1286 2480 1361 2522 egit
1385 2479 1555 2522 habenas,

618 2520 719 2554 Illius
745 2532 842 2554 arma
866 2524 931 2556 tibi
957 2535 1021 2567 par
1046 2536 1185 2569 quoque
1211 2528 1335 2570 visque
1362 2528 1487 2561 ferunt.

572 2568 643 2602 Sed
669 2569 776 2602 talem
803 2571 887 2613 quia
912 2582 980 2606 non
1007 2575 1133 2607 meruit
1157 2585 1245 2617 gens
1270 2577 1380 2620 impia
1405 2587 1536 2620 regem,

620 2617 777 2662 Subripit
801 2619 883 2652 hinc
909 2622 1016 2655 sociis
1043 2633 1134 2656 mors
1164 2625 1309 2667 inopina
1334 2626 1417 2659 suis.

570 2666 666 2699 Ecce
693 2677 755 2700 suo
783 2669 918 2702 cineres
943 2670 1048 2703 tellus
1076 2671 1119 2704 de
1145 2677 1301 2706 scemate
1326 2678 1483 2718 sumptos

500 2714 543 2746 10
619 2714 733 2748 Credo
761 2716 855 2759 quod
880 2717 962 2751 inde
989 2724 1108 2753 manet
1132 2720 1293 2764 stelliger
1317 2724 1393 2756 axis
1418 2723 1539 2758 habet.

569 2762 648 2797 Hoc
674 2774 811 2797 mecum
839 2766 986 2800 credens
1011 2772 1049 2801 tu
1077 2768 1133 2801 dic
1160 2780 1381 2814 poscensque
1407 2773 1542 2805 viator:

618 2812 647 2846 Ο
676 2811 772 2854 deus,
799 2814 953 2858 angelici
979 2816 1024 2850 sit
1051 2827 1168 2851 comes
1194 2820 1270 2863 ipse
1298 2821 1414 2854 chori!
