1838 3210
153 2062 163 2074 ‘
174 2072 204 2097 p.
219 2065 283 2092 847.

297 180 364 214 136
718 176 1018 213 LIUDPRANDI
1047 173 1273 208 LEGATIO.
1327 175 1358 209 1.

294 305 431 349 quave
461 290 566 347 lege,
597 307 621 332 o
651 292 831 342 invasor,
862 288 966 331 haec
995 286 1257 345 pontificalia
1284 286 1533 330 indumenta
1549 289 1779 346 usurpasti,

295 348 517 405 superstite
547 347 628 391 hoc
656 346 839 406 presenti
871 345 1025 387 domno
1054 351 1198 385 nostro
1227 341 1456 385 venerabili
1484 356 1600 401 papa
1621 342 1780 399 Leone,

295 418 420 469 quem
450 411 495 446 tu
516 402 752 456 nobiscum,
781 408 979 444 accusato
999 407 1042 443 et
1059 398 1286 456 reprobato
1307 398 1510 454 Iohanne,
1537 398 1594 443 ad
1610 413 1638 444 a
1668 407 1779 444 oste·

293 459 444 502 heatus
475 458 641 502 culmen
671 457 862 514 elegisti?
896 456 1007 499 Num
1039 455 1215 497 inficiari
1245 462 1381 512 potes,
1410 455 1596 512 presenti
1652 470 1781 501 omno

296 516 538 573 imperatori
576 516 812 558 iuramento
851 512 1107 570 promisisse,
1145 525 1378 568 numquam
1416 518 1458 554 te
1496 525 1594 554 cum
1628 513 1782 557 ceteris

295 571 498 614 Romanis
537 585 690 628 papam
735 569 969 614 electurum
1014 576 1089 610 aut
1133 566 1425 610 ordinaturum
1467 567 1631 626 absque
1667 566 1782 612 illius

296 626 455 684 filiique
484 628 573 670 eius
610 626 722 684 regis
753 625 923 669 Ottonis
960 622 1211 666 consensu?⁷
1256 622 1513 667 Benedictus
1540 624 1783 683 respondit:

296 683 353 725 ‘Si
387 682 487 740 quid
518 684 706 740 peccavi,
748 680 1003 724 miseremini
1041 678 1148 723 mei’.
1214 679 1336 722 Tunc
1373 680 1603 738 imperator
1635 680 1783 725 effluis

294 738 491 792 lacrimis,
524 753 650 795 quam
681 738 920 781 misericors
950 741 1061 779 esset
1091 735 1329 789 ostendens,
1359 736 1528 792 rogavit
1554 736 1781 795 synodum,

295 809 347 837 nc
376 794 609 838 Benedicto
661 794 911 838 reiudicium
942 792 1071 835 fieret.
1114 792 1159 834 Si
1180 791 1308 835 vellet
1327 798 1369 834 et
1387 798 1546 849 posset,
1573 793 1630 836 ad
1656 793 1783 839 inter·
1837 828 1838 844 ᾗ

295 859 442 907 rogata
471 810 744 908 responderet
774 863 1032 905 causamque
1063 863 1181 890 suam
1210 847 1476 903 defenderet3
1506 847 1622 907 quod
1640 850 1783 894 sinon

294 915 438 962 posset
457 914 532 949 aut
549 906 692 960 nollet,
723 921 772 948 ac
793 921 837 949 se
859 903 1115 962 culpabilem
1135 904 1340 958 redderet,
1370 910 1511 947 tamen
1531 919 1611 963 pro
1630 905 1782 950 timore

297 963 361 1005 dei
392 963 726 1005 misericordiam
755 962 941 1019 aliquam
972 961 1190 1003 inveniret.
1250 959 1347 1014 Quo
1367 959 1527 1015 audito,
1555 960 1612 1004 ad
1634 960 1782 1006 domni

295 1018 450 1061 Leonis
479 1033 616 1076 papae
675 1018 775 1061 edes
805 1018 1022 1075 ipsiusque
1051 1017 1319 1073 imperatoris
1358 1016 1493 1060 isdem
1521 1016 1783 1062 'Benedictus

298 1075 463 1117 concite
505 1034 745 1132 procidens,
786 1089 829 1116 se
868 1079 1111 1130 peccasse⁸‚
1153 1087 1196 1115 se
1229 1078 1400 1116 sanctae
1429 1072 1646 1118 Romanae
1674 1073 1789 1119 sedis

295 1131 534 1173 invasorem
565 1146 669 1185 esse,
708 1129 974 1173 acclamavit.
1031 1130 1135 1171 Post
1173 1128 1250 1171 hec
1281 1127 1455 1186 pallium
1485 1129 1569 1173 sibi
1596 1129 1784 1186 abstulit,

324 1186 408 1229 uod
457 1186 581 1229 simul
624 1202 721 1229 cum
765 1185 997 1243 pontificali
1039 1184 1184 1238 ferula,
1233 1199 1360 1242 quam
1403 1199 1534 1228 manu
1574 1185 1785 1244 gestabat,

296 1201 452 1285 domno
497 1257 632 1300 papae
673 1242 806 1286 Leoni
844 1241 1041 1285 reddidit.
1107 1241 1248 1295 Quam
1283 1240 1461 1284 ferulam
1494 1241 1633 1286 isdem
1670 1257 1786 1310 papa

295 1297 432 1355 fregit,
466 1308 507 1341 et
535 1299 712 1342 fractam
748 1298 908 1356 populo
944 1297 1140 1341 ostendit.
1208 1297 1377 1340 Deinde
1415 1297 1698 1342 Benedictum
1736 1314 1782 1342 m

294 1361 405 1396 terra
435 1354 580 1398 sedere
609 1355 811 1412 precepit.
872 1354 953 1397 Cui
983 1353 1184 1406 casulam,
1217 1368 1345 1410 quam
1379 1353 1593 1411 planetam
1622 1354 1786 1410 dicunt,

296 1424 390 1452 cum
422 1410 528 1453 stola
566 1411 725 1468 pariter
763 1410 948 1453 abstulit.
1014 1411 1118 1452 Post
1154 1416 1297 1452 autem
1336 1409 1532 1454 omnibus
1569 1411 1712 1469 episco
1743 1412 1784 1455 is

296 1465 421 1508 dixit:
467 1467 774 1520 ‘Benedictum,
818 1474 989 1509 sanctae
1033 1466 1250 1509 Romanae
1295 1473 1338 1509 et
1373 1465 1632 1524 apostolicae
1670 1427 1784 1512 segis

294 1522 544 1577 invasorem,
586 1524 700 1565 omni
730 1523 1001 1580 pontificatus
1033 1530 1075 1565 et
1103 1522 1409 1580 prespiteratus
1446 1521 1606 1567 honore
1642 1524 1783 1582 priva·

294 1593 407 1633 mus3
439 1577 493 1621 ob
525 1578 795 1622 elemosinam
825 1594 926 1622 vero
957 1579 1103 1621 domni
1139 1579 1407 1635 imperatoris
1437 1578 1619 1635 ottonis,
1659 1580 1783 1624 cuius

295 1649 440 1677 sumus
484 1649 507 1677 o
541 1650 612 1678 era
654 1636 698 1677 in
743 1635 884 1678 sedem
929 1635 1116 1678 debitam
1155 1635 1352 1685 restituti,
1397 1634 1645 1680 diaconatus
1683 1651 1782 1680 eum

296 1690 484 1734 ordinem
510 1650 668 1734 liabere
728 1692 993 1743 ermittimus,
1025 1699 1067 1734 et
1093 1705 1178 1733 non
1207 1692 1292 1733 iam
1324 1691 1498 1746 Romae,
1528 1691 1604 1735 sed
1629 1692 1674 1735 in
1693 1693 1783 1737 exi-

294 1745 421 1788 lium¹
452 1747 507 1789 ad
537 1748 649 1804 quod
681 1747 883 1790 (estina'b
889 1779 1035 1790 ......

297 2055 803 2113 *LIUDPRANDI
829 2057 1168 2113 RELATIO
1196 2058 1301 2112 DE
1327 2057 1783 2116 LEGATIONE
1831 2071 1833 2074 ·

668 2154 1404 2199 CONSTANTmoPomTANA.

407 2246 584 2289 Ottones
613 2247 901 2290 Romanorum
930 2249 1234 2291 invictissimos
1262 2249 1540 2306 imperatores
1558 2252 1781 2308 augustos,

294 2301 726 2360 gloriosissimamque
751 2303 1030 2348 Adelheidem
1050 2306 1363 2362 imperatricem
1382 2311 1620 2363 augustam,
1650 2306 1784 2351 Lind-

294 2357 509 2414 prandusc
552 2369 721 2402 sanctae
758 2359 1053 2404 Cremonensis
1091 2361 1293 2404 ecclesiae
1333 2376 1355 2404 e
1388 2362 1570 2420 iscopus,
1612 2377 1785 2422 semper

294 2412 447 2467 valere,
476 2428 575 2471 pros
608 2416 728 2469 erari,
758 2417 1019 2474 triumphare
1048 2417 1228 2469 anhelat,
1259 2417 1347 2461 desi
1379 2425 1481 2472 erat,
1510 2426 1640 2476 optat.

409 2471 443 2511 1.
488 2430 604 2523 Quid
634 2485 786 2514 causae
814 2472 951 2526 fuerit,
982 2473 1098 2530 quod
1118 2475 1235 2530 prius
1255 2472 1445 2516 litteras‘¹
1475 2475 1564 2518 sive
1581 2475 1779 2519 nuntium
1822 2490 1838 2542 {g

295 2564 326 2599 a)
346 2571 473 2598 pecua
496 2567 523 2594 1.
607 2567 638 2601 b>
662 2569 701 2593 im
730 2569 813 2594 codex
837 2571 862 2596 1.
884 2570 960 2603 finit,
992 2571 1081 2596 media
1110 2572 1141 2596 in
1159 2571 1270 2603 payina
1292 2574 1316 2597 et
1337 2571 1420 2596 initio
1442 2571 1542 2598 lineae.
1566 2572 1651 2600 abda.
1666 2571 1693 2600 2.
1708 2573 1781 2600 284.
1817 2549 1838 2643 i

294 2605 387 2630 eodem
407 2604 499 2633 nodo.
521 2609 568 2632 set
590 2607 621 2632 in
642 2608 767 2633 exilium
790 2609 977 2635 destinamus
1000 2611 1027 2636 5.
1057 2614 1101 2636 set
1122 2611 1154 2636 in
1176 2611 1272 2636 exilio
1295 2611 1484 2637 destinamus
1507 2611 1562 2638 δι.
1589 2611 1644 2638 sed
1662 2612 1697 2638 in
1717 2612 1783 2638 exl-
1818 2615 1819 2620 ¹

293 2645 368 2670 tium
390 2643 579 2671 aeunnamus
601 2646 666 2671 editi
687 2650 712 2671 ee
728 2647 868 2674 Alhrieus.
892 2648 1036 2674 Sententia
1050 2657 1166 2682 poscere
1183 2650 1309 2675 videtur.-
1328 2650 1517 2676 destinamus
1532 2651 1630 2678 abent.
1693 2649 1721 2684 c)
1737 2651 1780 2677 {ea
1820 2667 1824 2670 »

293 2683 399 2716 ubique
418 2684 546 2716 eonem,-
567 2685 761 2718 luitprandus
784 2687 916 2713 canisius
945 2689 1038 2716 edidit.
1119 2688 1150 2721 d)
1173 2690 1278 2715 literas
1301 2689 1349 2721 C.‚·
1379 2690 1429 2722 qui
1449 2690 1533 2716 aian
1553 2690 1662 2721 millia.
1683 2690 1782 2724 littus,

294 2724 492 2756 opportunus,
513 2724 584 2757 imo,
606 2727 734 2757 tentare,
755 2726 899 2758 solennis,
921 2728 1127 2759 quotidianus,
1148 2733 1309 2762 quatenus,
1323 2729 1531 2763 eleemosyna,
1545 2730 1689 2763 Ioannes,
1704 2736 1785 2756 nun·

295 2762 360 2787 eius
379 2765 482 2788 comm
503 2763 686 2796 Liudprandi
706 2765 846 2791 scribendi
867 2767 1006 2792 rationem
1028 2768 1147 2800 exprimi
1160 2768 1241 2800 fecit,
1264 2768 1341 2800 quod
1360 2769 1543 2797 cor-raim.

1818 2381 1838 2432 ’ᾗ

1821 2449 1838 2484 ἦ.

297 2835 335 2879 1)
350 2837 436 2871 Cum
446 2837 634 2882 Adsldago
645 2840 914 2886 archiepiscopo
925 2842 1170 2886 Hamburgum
1191 2854 1228 2877 se
1245 2843 1393 2877 contulit
1405 2844 1525 2888 ibique
1541 2847 1697 2879 mortuus
1709 2847 1777 2878 est.
