1838 3210
231 254 535 289 LIUDPRANDI
561 253 909 290 ANTAPODOSIS.
960 253 1055 287 LIB.
1083 253 1127 286 V.
1178 253 1335 286 21—22.
1462 253 1528 284 111

101 365 284 425 ·phanus
313 374 355 411 et
384 366 688 410 Constantinus
725 365 840 408 facta
868 364 1170 421 congressione
1207 379 1338 421 super
1365 369 1530 421 patrem
1544 375 1610 402 944.

37 425 58 474 ‘30
112 429 221 476 nunt,
251 437 435 489 eumque
464 423 518 466 de
545 422 703 480 palatio
724 422 892 465 civibus
911 419 1207 487 ignorantibus
1227 420 1459 477 deponunt,
1491 427 1534 463 et

44 482 81 534 f·
127 479 315 521 vicinam
354 478 550 532 insulam,
589 478 633 520 in
672 491 759 535 qua
792 476 1087 534 cenobitarum
1116 475 1345 519 multitudo
1383 475 1441 533 ph
1474 474 1531 518 lo—

39 582 42 584 v
72 533 314 589 uhabatur,
345 541 467 578 tonso
497 535 550 588 ei,
580 541 629 577 ut
657 534 788 576 moris
825 539 901 586 est,
938 533 1092 590 capite,
1128 531 1424 590 phylosophan
1457 547 1530 574 um

39 614 58 630 .-
87 611 91 626 -·
116 591 368 635 ·mittunt¹.
426 591 498 633 Fit
527 605 656 648 quam
685 604 788 632 mox
817 589 1129 646 multirumiger
1156 589 1201 630 in
1231 587 1530 631 Constantinu-

76 645 183 690 ·leos
211 647 391 690 sonitus:
420 646 642 689 Romanon
662 647 848 689 eiectum
869 645 1059 704 quidam,
1089 644 1417 688 Constantinum
1440 645 1531 687 eius

40 712 57 753 g
78 710 272 746 nerum·
314 701 581 746 interfectum
625 701 696 745 alii
741 700 1028 745 clamitabant.
1087 700 1178 744 Nec
1223 715 1354 754 mora,
1399 700 1530 744 totius

52 757 186 817 ιιριιΙί
215 758 271 801 ad
300 758 506 816 palatium
535 758 584 801 fit
611 772 857 801 concursus.
914 758 1130 800 Romanos
1161 757 1284 814 quasi
1302 757 1534 814 imperator

39 823 49 828 ²
75 815 242 858 «usivus
270 830 356 858 non
384 815 632 872 requiritur,
663 829 812 857 verum
841 813 1147 857 Constantinus
1175 827 1230 856 an
1250 828 1301 855 su
1334 813 1447 867 ersit,
1476 811 1531 855 ab

46 870 235 914 mnibus
287 877 573 929 percontatur.
650 869 848 927 Cumque
903 870 1191 935 inquisitionis
1239 884 1284 912 se
1315 869 1398 912 icio
1446 883 1532 911 non

48 927 205 983 geodica
232 927 352 970 fieret
379 941 458 984 pro
489 926 782 981 Constantino,
812 925 1062 983 rogantibus
1092 925 1310 983 Stephano
1351 932 1393 968 et
1422 924 1533 968 Con-

58 1003 90 1019 -ν
115 983 237 1038 ·tin0,
266 998 323 1026 ex
351 997 402 1026 ea
427 990 563 1049 parte,
624 997 681 1025 ua
699 982 955 1026 Zucanistrii
981 981 1232 1039 magnitudo
1251 981 1532 1038 portenditur,

74 1039 340 1083 onstantinus
378 1053 516 1081 crines
560 997 721 1081 solutus
763 1053 843 1095 per
885 1037 1097 1081 cancellos
1144 1046 1275 1104 caput
1319 1038 1532 1095 exposuit,

45 1114 75 1133 ,ι
96 1116 101 1133 ι
124 1110 199 1139 sue
228 1096 467 1139 ostensione
497 1094 645 1152 populi
673 1108 776 1136 mox
806 1093 1034 1137 tumultum
1065 1094 1242 1147 sedavit,
1283 1107 1334 1136 ac
1365 1095 1408 1136 in
1437 1109 1532 1150 pro-

52 1175 56 1187 ·
90 1152 101 1162 ‘
159 1166 372 1209 quemque
402 1151 607 1208 repedare
638 1151 792 1208 coegit.
841 1150 969 1204 Quod
988 1150 1149 1193 factum
1169 1165 1343 1207 gravem
1365 1150 1532 1193 duobus

84 1206 237 1251 tribus
265 1207 443 1265 ingessit
479 1206 682 1249 dolorem.
752 1206 882 1260 ‘Quid
916 1206 1098 1263 profuit‘,
1138 1207 1349 1272 inquiunt,
1389 1206 1533 1263 ‘qu0d‚

55 1263 235 1314 «dicato
264 1271 384 1320 patre
425 1262 572 1317 alium,
640 1263 684 1304 ui
713 1277 798 1305 non
829 1269 952 1320 pater
986 1269 1063 1317 est,
1102 1262 1324 1305 dommum
1355 1263 1532 1306 sustine-

46 1326 67 1357 ἰ
80 1319 158 1363 us‘?
177 1295 460 1363 Tolerabilius
475 1319 588 1363 enim
634 1319 910 1376 ecentiusque
924 1326 1160 1375 paternam,
1177 1333 1307 1376 quam
1328 1324 1532 1372 exteram,

66 1401 68 1406 =
93 1384 277 1419 teremur
305 1375 650 1419 dominationem.
709 1374 826 1429 Quid
854 1373 983 1428 illud’,
1012 1375 1143 1429 aiunt,
1173 1374 1304 1432 ‘quod
1341 1375 1387 1417 in
1406 1374 1534 1417 huius

59 1435 63 1441 “
103 1433 134 1470 ,ι’
155 1431 243 1474 ‘um
262 1445 348 1474 non
368 1430 505 1474 solum
526 1431 737 1497 propriae,
767 1430 842 1474 sed
871 1438 914 1475 et
942 1438 1113 1474 exterae
1133 1445 1288 1474 venere
1307 1430 1534 1474 nationes?

48 1495 72 1527 ;
115 1487 285 1531 efredus
301 1487 462 1546 quippe
482 1501 723 1545 episcopus,
744 1487 856 1543 regis
872 1486 943 1529 Hu
976 1488 1069 1530 onis
1088 1487 1274 1540 nuntius,
1295 1486 1445 1530 adsum
1479 1487 1534 1529 tis

57 1594 59 1600 1
109 1558 183 1587 um
212 1558 313 1587 suae
342 1543 402 1586 lin
463 1558 515 1586 ae
543 1543 786 1586 nationibus
814 1542 940 1586 Amel
959 1544 1161 1597 etanisb2,
1204 1543 1421 1598 Romanis,
1473 1543 1533 1585 *a-

87 1621 106 1637 ·=
131 1601 200 1654 ·'s,
230 1599 355 1642 nobis
383 1558 462 1642 εἰ]
467 1599 699 1653 interitum,
729 1598 829 1641 huic
857 1599 1045 1657 presidio
1075 1598 1180 1642 fuit’.

49 1674 69 1703 ,ι
146 1656 215 1700 22.
259 1654 339 1698 His
369 1655 506 1709 dictis,
535 1661 796 1698 armatorum
825 1655 1023 1698 manibus
1063 1654 1296 1710 cubiculos,
1339 1655 1453 1699 sicut
1489 1661 1532 1700 et
1546 1663 1619 1699 (¹0.)

52 1740 55 1746 ·
97 1732 105 1750 ι
140 1719 277 1779 patre,
307 1711 534 1769 complent.
594 1711 761 1766 Quibus
791 1711 1041 1754 Diavolinos
1063 1711 1239 1777 prefuit,
1277 1713 1350 1778 qui
1379 1710 1531 1755 horum
1545 1705 1661 1771 2:23⁸„
1681 1745 1730 1772 „⁰

62 1782 226 1815 >unium
257 1768 450 1811 incentor
490 1773 533 1811 et
568 1774 666 1825 post
702 1766 921 1825 paululum
951 1767 1142 1825 proditor
1180 1767 1322 1811 extitit
1333 1775 1363 1809 ³.
1422 1767 1532 1811 Con-

71 1846 89 1855 -·
113 1823 267 1868 ·tinum
296 1838 483 1882 namque
511 1822 631 1867 libris
663 1823 981 1867 incumbentem
1019 1825 1079 1867 ita
1117 1824 1337 1867 convenit:
1397 1824 1533 1878 ‘Quae

54 1888 115 1923 ιἰι
143 1879 414 1923 incommoda
441 1894 468 1923 a
498 1879 716 1937 Stephano
755 1887 797 1923 et
836 1879 1115 1923 Constantino
1151 1880 1365 1935 fratribus,
1403 1880 1532 1923 immo

52 1937 231 1990 ἰιιι’ἱοίε,
261 1937 345 1979 tuis
374 1950 450 1993 pre
481 1942 666 1990 arentur,
695 1935 844 1990 isthec,
876 1951 986 1994 quae
1015 1937 1059 1979 in
1089 1942 1129 1979 te
1151 1943 1275 1979 vetus
1296 1944 1532 1994 permanet,

30 1991 183 2050 ,fligio
211 1993 391 2049 ignorat,
451 1951 498 2035 gi
532 1993 645 2035 enim
683 1992 915 2035 infortunia
953 1992 1031 2036 tibi
1074 1999 1197 2058 parta
1236 2007 1287 2035 co
1349 2007 1530 2047 osceres,

78 2054 245 2092 =tenus
275 2062 422 2106 posses
461 2048 617 2102 vivere,
658 2049 880 2105 cogitares.
948 2049 1109 2092 Uxoris
1150 2056 1248 2091 tuae
1289 2048 1531 2106 ..tephanus

60 2129 64 2138 ·
96 2104 400 2148 Constantinus
421 2104 584 2157 fratres,
613 2112 873 2147 armatorum
895 2104 1091 2147 manibus
1112 2119 1193 2147 con
1246 2105 1381 2160 egatis
1402 2111 1531 2163 atque

52 2168 71 2195 ἰ
111 2159 320 2203 cubiculis
348 2161 434 2203 iam
464 2159 690 2215 conclusis,
721 2167 762 2203 te
791 2175 878 2203 non
906 2168 953 2204 ut
986 2167 1151 2217 patrem
1189 2119 1245 2203 ἐξ
1271 2158 1428 2217 palatio
1459 2175 1531 2204 ex-

75 2214 204 2271 llere,
233 2230 382 2259 verum
412 2216 482 2259 hic
521 2217 712 2273 cogitant
750 2216 1001 2260 interficere.
1072 2216 1256 2260 Occasio
1295 2222 1437 2259 autem
1467 2217 1528 2259 tui

62 2283 105 2326 ¹c
134 2272 328 2316 interitus
357 2273 455 2315 erit:
505 2271 715 2315 Cenatum
753 2279 793 2315 te
832 2280 931 2329 post
969 2271 1184 2315 triduum⁶
1225 2271 1530 2315 Constantinus

60 2359 68 2370 ὲ
86 2387 228 2410 socerum
253 2382 278 2408 ι.
361 2379 392 2414 b)
414 2380 434 2407 ι’.
456 2388 480 2407 ε.
502 2379 708 2408 Amisi-un.
789 2379 817 2414 c)
839 2381 1030 2414 postridunm
1056 2383 1081 2407 1.

54 2476 68 2510 i
101 2469 142 2504 si
167 2469 323 2513 Georgia
350 2469 527 2503 monacho
552 2468 704 2512 aliisque
732 2468 821 2502 fides
848 2467 1016 2502 habende
1042 2472 1106 2510 est,
1132 2469 1312 2504 Romanos
1339 2470 1531 2515 imperator

82 2517 266 2563 stephano
293 2517 378 2558 filio,
407 2518 560 2552 consciis
587 2518 695 2551 etism
714 2517 860 2561 reliquis
885 2518 1158 2562 imperatoribus
1175 2519 1211 2552 in
1230 2519 1361 2552 Proten
1380 2519 1530 2553 insulam

57 2574 215 2611 ,eg-tus
243 2571 314 2608 est3
341 2566 387 2601 ef.
415 2566 585 2601 lobannis
612 2566 742 2601 Chron.
770 2567 898 2601 Venet.
922 2566 1005 2610 (SS.
1032 2567 1115 2608 vn,
1142 2566 1227 2610 23)=
1255 2567 1338 2601 dum
1365 2567 1532 2602 stefanus

59 2619 62 2621 ’
100 2615 353 2650 Constantinus
378 2614 505 2650 fratres
530 2625 631 2650 sunm
660 2619 849 2659 cognatum
874 2615 1145 2650 Constantinum
1172 2616 1338 2650 occidere
1366 2616 1529 2650 moliren-

75 2681 78 2690 =
102 2689 112 2707 ,
146 2663 417 2699 interdicentem
449 2664 608 2699 Romano
643 2668 777 2710 patrem
811 2663 987 2698 violenter
1015 2664 1227 2699 monachum
1255 2664 1419 2699 effectum
1447 2670 1533 2710 aput

59 2756 63 2761 1
91 2731 105 2738 ιι
131 2723 171 2747 ss
209 2723 301 2758 quse
337 2713 535 2747 paonariae
573 2716 822 2758 nuncupantur
862 2713 970 2747 exilio
1009 2713 1278 2748 damnaverunt.
1405 2713 1443 2756 9.)
1475 2714 1531 2748 Cs.

155 2773 186 2796 c.
212 2762 273 2796 4⁶.
306 2761 365 2795 ὁὸ.
465 2762 503 2802 8)
529 2761 639 2796 Falso
672 2762 739 2796 hoc
775 2772 903 2796 nomen
936 2761 995 2796 hic
1030 2763 1215 2807 irrepsisse
1251 2761 1414 2804 videtur,
1450 2773 1530 2796 cum

64 2816 77 2855 ‚f
90 2809 205 2852 chael,
230 2819 335 2856 quem
358 2810 589 2847 Diabolinnsn
605 2814 750 2853 vocant,
767 2821 860 2845 anno
878 2810 1019 2845 demum
1039 2811 1109 2844 947
1138 2812 1419 2846 coniurationem
1447 2821 1529 2845 con—

68 2900 70 2902 1
117 2858 387 2894 eon-tantinum
414 2859 546 2894 saetam
574 2858 760 2894 detexerit.
806 2859 983 2894 Iohannes
1011 2861 1187 2895 diaconus
1207 2860 1365 2895 Venetus
1384 2859 1527 2894 Gallum

114 2908 233 2943 ·chnm
260 2907 404 2942 easdem
431 2913 551 2954 partes
578 2909 694 2953 egisse
720 2913 851 2943 narrat.

40 3089 83 3123 Ξ

66 3123 81 3137 Α,
