1838 3210
418 230 723 266 LIUDPRANDI
748 230 975 265 LEGATIO.
1027 230 1184 264 43-45.
1482 231 1550 265 155

42 344 214 392 ,debere
244 344 492 396 Saracenos,
521 342 596 385 sed
624 341 812 385 Francos
842 349 1081 396 conterere3
1112 357 1198 400 qua
1225 341 1405 386 lectione
1426 343 1549 386 Sara-
1565 356 1631 382 sss.

49 401 152 447 {oeni
180 400 368 454 animati,
396 406 494 442 ante
512 398 740 441 triennium
760 412 859 440 cum
878 397 1075 442 Manuele
1094 399 1286 455 patricio,
1317 398 1549 456 Nicephori

41 463 230 516 nepote,
259 457 381 499 iuxta
409 452 598 512 Scyllam
625 460 668 497 et
697 453 963 511 Charybdim
991 455 1034 496 in
1063 455 1171 497 mari
1200 453 1356 509 Siculo,
1391 454 1550 498 bellum

44 519 237 571 Ῥη-81ης
281 512 402 555 cuius
443 511 672 554 immensas
708 511 855 569 copias
891 525 990 554 cum
1026 511 1366 568 prostravissent,
1410 512 1551 568 ipsum

60 567 485 626 comprehenderunt,
528 567 754 624 capiteque
796 574 1021 610 truncum*
1059 567 1387 624 suspenderunt3
1428 569 1550 611 cuius

57 625 222 668 socium
263 631 306 667 et
343 621 674 667 commilitonem
716 637 813 665 cum
858 629 1071 681 caperent,
1114 624 1186 681 qui
1228 625 1418 667 neutrius
1460 632 1550 667 erat

145 681 227 724 eris
242 688 269 735 ¹,
298 679 491 723 occidere
510 686 610 722 sunt
627 678 860 736 dedignati,
889 679 964 723 sed
982 680 1174 722 vinctum
1194 695 1246 723 ac
1266 679 1393 737 longa
1412 687 1550 724 custo-

90 737 101 747 ‘
157 744 420 780 maceratum
438 736 545 779 tanti
563 735 856 789 vendiderunt,
886 736 1034 793 quanti
1054 751 1133 779 nec
1155 735 1287 779 ullum
1307 736 1549 780 huiusmodi

35 791 257 840 mortales
286 793 378 835 sani
407 792 557 849 capitis
586 799 774 835 emerent
784 799 812 834 ².
855 791 947 835 Nec
975 791 1196 834 infirmiori
1215 794 1370 847 animo,
1399 793 1549 836 eadem

36 848 324 893 ‘confirmati
364 847 555 902 lectione,
597 847 714 891 haud
751 846 883 890 multo
921 856 1020 906 post
1055 849 1258 904 magistro
1300 849 1682 893 Exacontae·1>.s⁶·e

33 956 35 958 ,
58 912 303 959 occurrunt;
333 919 460 963 quem
489 904 591 947 dum
621 904 666 946 in
692 903 838 961 fugam
868 911 1091 958 verterent,
1121 905 1211 948 eius
1242 906 1386 963 copias
1417 906 1549 948 omni·
1563 900 1629 928 ¹¹¹¹·

36 991 37 994 =
58 960 140 1005 bus
167 961 304 1004 modis
332 961 633 1003 contriverunt.

168 1017 238 1061 44.
293 1017 374 1060 Est
401 1024 443 1060 et
477 1015 606 1069 aliud,
645 1015 760 1074 quod
789 1031 902 1060 nunc
931 1016 1220 1074 Nicephorum
1250 1017 1455 1075 compulit
1482 1032 1549 1061 co-

32 1073 151 1140 pias
179 1073 224 1116 in
252 1071 453 1130 Assyrios
482 1072 651 1115 ducere.
716 1071 932 1129 Argorum
971 1074 1085 1116 enim
1124 1088 1293 1116 omnem
1331 1074 1550 1131 regionem

38 1136 221 1173 -mstans
249 1137 335 1172 tem
368 1144 429 1183 us,
460 1128 540 1171 deo
570 1128 755 1182 iubente,
785 1142 836 1171 eo
865 1144 1001 1186 usque
1029 1129 1162 1172 fames
1182 1130 1384 1185 attrivit-³,
1413 1137 1462 1173 ut
1479 1145 1551 1173 ne-

56 1200 143 1286 qge
170 1186 299 1229 tritici
327 1145 412 1229 ‹fuo
432 1185 662 1242 Papienses
690 1185 865 1227 sextarii
883 1199 1012 1228 aureo
1043 1191 1354 1242 comparentur,
1382 1186 1550 1244 hocque

57 1256 89 1285 ιι
119 1242 134 1284 i
162 1242 332 1286 ubertas
392 1242 485 1283 uasi
514 1246 676 1297 regnat.
734 1240 859 1283 Hanc
887 1248 1063 1298 pestem,
1099 1241 1290 1285 muribus
1320 1256 1550 1300 cooperan-

56 1297 186 1352 tibus,
224 1298 284 1341 ita
319 1257 531 1351 «natavit,
571 1303 620 1339 ut
653 1297 874 1339 messionis
913 1303 1104 1355 tempore
1143 1298 1349 1356 quicquid
1388 1298 1464 1341 ubi
1496 1314 1550 1342 ue

34 1359 266 1400 terrarum
302 1368 495 1397 annonae
537 1358 648 1406 erat,
691 1353 865 1395 minimo
904 1352 1004 1396 dato
1035 1354 1191 1419 pretio,
1266 1355 1467 1397 ossessori
1500 1370 1550 1398 us

40 1409 327 1464 eiulantibus,
370 1409 654 1467 congregarit.
721 1408 849 1462 Quod
892 1423 990 1452 cum
1034 1417 1155 1453 iuxta
1243 1412 1551 1468 esopotamiam

31 1465 227 1521 ficeret,
255 1467 329 1509 ubi
354 1466 526 1522 frugum
556 1465 682 1531 copia
710 1465 903 1508 muribus
935 1465 1183 1509 absentibus
1220 1474 1423 1521 creverat,
1459 1483 1550 1511 are-

56 1537 140 1567 nae
186 1523 316 1565 maris
369 1521 629 1565 multitudim
678 1535 871 1564 annonae
918 1521 1235 1565 multitudinem
1282 1538 1385 1566 coae
1418 1525 1549 1567 uavit.

28 1578 198 1646 Igitur
225 1593 321 1622 cum
350 1577 425 1621 vili
452 1577 534 1620 hoc
562 1578 816 1620 commercio
851 1578 1030 1634 turpiter
1067 1578 1201 1622 fames
1229 1579 1379 1623 ubiubi
1437 1595 1551 1624 esae-

39 1635 179 1690 wirot,
208 1635 425 1692 octoginta
450 1633 568 1676 milia
585 1632 840 1687 mortalium,
870 1633 1046 1678 obtentu
1066 1634 1238 1678 militiae
1281 1650 1427 1678 secum
1452 1651 1549 1679 con-

31 1692 275 1750 gregavit3
334 1689 462 1734 uibus
490 1705 566 1747 per
601 1690 851 1733 continuum
890 1703 1092 1745 mensem,
1130 1706 1216 1749 quo
1277 1706 1360 1734 uno
1390 1699 1552 1736 emerat

38 1758 202 1802 aureo,
230 1747 316 1791 duo
348 1761 399 1790 us
426 1745 631 1790 vendidit.
678 1746 774 1789 Hae
793 1753 903 1800 sunt,
933 1745 1103 1789 domine
1133 1748 1205 1802 mi,
1235 1762 1317 1801 res,
1347 1762 1457 1806 quae
1477 1748 1549 1791 Ni·

32 1802 294 1861 cephorum
323 1803 469 1861 copias
498 1803 542 1844 in
562 1802 763 1860 Assyrios
793 1817 906 1845 nunc
935 1802 1091 1846 ducere
1112 1803 1421 1861 compulerunt.
1463 1804 1550 1849 Sed

29 1889 46 1914 3-
59 1858 220 1919 quales,
250 1868 423 1918 quaeso,
452 1858 630 1916 copias?
666 1873 779 1912 vere,
807 1858 995 1916 inquam,
1025 1873 1110 1901 non
1139 1858 1343 1914 homines,
1373 1860 1449 1904 sed
1477 1861 1550 1904 ho·

30 1915 246 1960 minibus
279 1914 458 1970 similes3
522 1915 647 1959 uibus
685 1914 831 1971 lingua
865 1922 1030 1958 tantum
1066 1929 1240 1973 procax,
1279 1916 1354 1959 sed
1384 1917 1551 1974 ‘frigida

27 1971 172 2018 ,bello
199 1972 431 2015 dextera’⁴.
488 1930 585 2014 §on
623 1971 794 2028 inspicit
820 1971 865 2012 in
893 1970 958 2013 his
986 1970 1250 2028 Nicephorus
1318 1972 1550 2028 ualitatem,

27 2027 135 2073 *sed
165 2027 299 2071 solam
359 2027 624 2082 uantitatem3
655 2026 771 2085 quod
800 2042 930 2084 quam
989 2027 1243 2070 ericulosum
1272 1988 1331 2071 illi
1362 2029 1429 2083 sit,
1459 2037 1551 2073 tum

20 2089 50 2139 ἢ
62 2099 158 2128 sero
186 2043 420 2143 poenitabit
447 2098 559 2138 eum,
596 2097 694 2126 cum
723 2081 914 2127 imbelles
944 2098 971 2140 p
989 2084 1127 2138 urimi,
1163 2084 1434 2128 multitudine
1463 2087 1552 2129 ani-

27 2142 44 2205 ᾗ
60 2141 178 2196 mati,
206 2155 233 2184 a
260 2140 415 2183 nostris
443 2140 665 2197 perpaucis
694 2138 805 2184 bella
834 2139 1090 2194 scientibus,
1131 2140 1261 2183 immo
1299 2141 1551 2197 sitientibus,

61 2202 344 2241 conterentur.

173 2253 243 2296 45.
301 2252 412 2297 Cum
441 2251 691 2296 obsideretis
721 2251 892 2305 Bareas,
933 2252 1109 2296 trecenti
1139 2253 1434 2296 tantummodo
1464 2254 1553 2297 Un-

61 2309 155 2368 gari
191 2309 315 2353 iuxta
348 2307 692 2351 Thessalonicam
731 2308 984 2365 quingentos
1025 2307 1186 2351 Grecos
1223 2309 1553 2367 comprehende-

25 2372 163 2410 runt
192 2372 236 2409 et
273 2366 318 2408 in
345 2364 580 2422 Ungariam
622 2363 848 2407 duxerunt.
916 2364 1038 2418 Quae
1081 2379 1169 2418 res,
1213 2366 1314 2423 quia
1352 2380 1554 2424 prospere

47 2473 144 2510 ,1)1.
164 2476 338 2503 truncatum
360 2473 449 2500 ΒΑΚ.

69 2562 107 2607 1)
120 2564 143 2597 i.
162 2574 194 2597 e.
213 2561 406 2596 eunuchus.
432 2561 516 2595 ruit
531 2561 562 2595 is
579 2561 725 2594 Ninum
744 2560 927 2595 eunuchus
945 2559 1007 2595 τοῦ
1026 2558 1156 2596 στόλου
1174 2557 1418 2608 δρουγγάριος.
1449 2560 1552 2597 CAN.

69 2612 110 2656 2)
136 2611 192 2647 Cf.
219 2611 263 2645 de
290 2611 360 2645 bac
386 2610 602 2644 Graecorum
630 2608 734 2643 clade
752 2610 884 2644 Leonis
903 2610 1007 2644 Diae.
1026 2610 1161 2645 Histor.
1182 2610 1233 2644 1v
1253 2621 1283 2645 c.
1304 2611 1336 2644 7.
1366 2610 1400 2652 8,
1418 2611 1449 2644 V
1469 2622 1499 2645 c.
1524 2612 1555 2653 1,

28 2658 223 2696 cedreni
248 2659 436 2694 Historia.
461 2659 509 2701 11,
534 2659 619 2692 8⁶8.
646 2658 729 2700 860,
755 2658 878 2703 Lupus
903 2658 1142 2704 Protospatar.
1169 2660 1252 2700 985,
1281 2660 1364 2694 vita
1389 2661 1425 2694 S.
1448 2660 1553 2694 Nice·

66 2710 170 2757 photi
195 2710 287 2752 (Leo
314 2709 467 2743 Diacon.
502 2707 559 2742 ed.
594 2707 691 2742 Huc
718 2718 752 2753 p.
778 2707 879 2751 ⁴⁴2).
979 2706 1017 2751 3)
1046 2709 1100 2743 ef.
1128 2707 1173 2743 de
1209 2708 1275 2742 hac
1302 2709 1395 2742 same
1422 2709 1554 2743 Leonis

37 2759 174 2794 ssmnc.
191 2758 285 2793 Hine.
303 2758 355 2792 VI
374 2767 405 2791 c.
424 2757 458 2797 8,
486 2755 640 2791 Oedi-oni
665 2756 854 2791 Historiar.
873 2756 922 2798 11,
940 2757 1023 2798 8⁷2,
1043 2758 1175 2801 Geor-g.
1197 2757 1396 2791 Hamartol.
1415 2769 1449 2802 p.
1469 2758 1554 2799 862,

35 2808 115 2843 ’,ᾰο
142 2807 333 2852 Nicephori
365 2807 517 2840 avaritia
547 2805 679 2841 Leoni·
710 2805 807 2840 Hist.
835 2806 885 2839 1v
919 2816 950 2840 c.
978 2806 1000 2838 8
1035 2806 1190 2840 Codreni
1217 2806 1351 2840 Histor.
1380 2806 1429 2847 11,
1460 2807 1552 2839 873:

66 2849 179 2947 maz
204 2847 934 2944 ἑυ-ἳπῄτσεεῐϊεὲεὼῑπὲιεεώων
947 2853 1234 2948 satem*
1264 2853 1554 2938 {essm

34 2925 50 2948 ,kz
839 2927 848 2937 ο
1114 2932 1120 2938 0
1229 2928 1237 2938 0
1319 2929 1328 2946 p
1430 2928 1438 2938 Ι
