1838 3210
314 191 618 227 LIUDPRANDI
643 190 874 227 HISTORIA
900 190 1120 226 o'r'roms.
1175 192 1328 226 19-22.
1498 193 1565 226 135

91 327 106 342 .·
148 302 432 348 universalem
493 318 617 361 apam
647 318 673 345 a
701 303 781 346 deo
812 309 854 346 et
881 302 985 360 ipsis
1016 301 1210 357 electum,
1246 303 1485 361 perderent,
1523 311 1565 348 et
1580 323 1648 350 964.

67 410 71 414 1
102 359 310 404 ohannem
340 361 384 403 in
412 319 563 403 urbem
592 359 868 417 susciperent.
927 357 1055 412 Quod
1085 373 1183 402 cum
1198 359 1410 414 fecissent,
1440 361 1564 404 mise-

55 412 80 466 '25
107 449 110 452 »
136 423 195 460 ιω
209 415 304 471 deo,
325 431 380 460 ex
394 430 540 460 eorum
556 414 752 458 manibus
768 421 831 459 est
845 413 1098 459 venerabilis
1113 428 1226 473 papa
1240 415 1328 459 Leo
1346 414 1563 471 liberatus,

67 474 311 532 paucisque
340 486 484 516 secum
523 470 837 526 comitantibus,
873 470 929 513 ad
963 471 1143 528 piissimi
1174 470 1343 515 Ottonis
1382 473 1562 529 impera-

75 529 179 574 toris
207 528 541 572 misericordiam
571 535 635 572 est
662 528 889 585 profectus.

187 597 275 640 219.
317 597 555 654 Imperator
582 596 766 654 denique
796 602 981 650 sanctus,
1024 601 1188 639 tantum
1233 595 1418 640 dedecus
1462 611 1485 640 e
1539 611 1712 646 e·p.s4s.

62 670 78 703 ,ς’
100 667 227 708 rens,
265 667 364 696 cum
403 667 458 696 ex
494 652 639 695 domni
669 667 806 710 papae
834 651 990 696 Leonis
1026 652 1244 707 eiectione,
1282 660 1374 696 tum
1412 668 1467 696 ex
1486 611 1562 695 ffb-

52 706 93 750 fs}-
113 730 118 745 =
143 731 150 748 ι
172 725 214 753 e
243 707 446 752 cardinali
466 707 659 763 diacone,
689 716 731 752 et
749 707 897 752 Azone
917 708 1151 759 scriniario,
1181 723 1362 774 quorum
1382 708 1563 752 alterum

50 769 206 820 .[··anu
253 765 446 819 dextera,
495 763 674 808 alterum
715 763 862 822 lingua
903 764 1071 808 duobus
1116 763 1261 822 digitis
1304 763 1563 823 naribusque

51 831 89 874 {ss
114 822 267 875 scisis‚
296 821 505 864 Iohannes
534 820 757 864 abdicatus
787 819 1096 880 defedaverat&
1131 827 1328 879 reparato
1357 823 1561 875 exercitu,

51 884 100 917 ’Ἠ
122 885 282 922 ·mam⁸
310 877 448 921 redire
477 876 700 934 disposuit.
763 877 888 920 Prius
918 883 1060 920 tamen
1089 891 1219 934 quam
1249 878 1384 921 sancti
1421 884 1563 921 essent

49 932 343 994 imperatoris
372 933 520 991 copiae
550 940 846 999 congregatae,
879 932 1025 976 volens
1061 934 1224 976 cunctis
1253 932 1406 977 seculis
1445 935 1564 976 inno-

50 996 238 1038 noscere
277 989 492 1044 dominus,
546 1003 674 1047 quam
714 997 823 1032 iuste
861 996 973 1033 esset
1010 988 1220 1032 Iohannes
1262 1004 1378 1048 papa
1413 1004 1439 1032 a
1477 990 1563 1033 suis

50 1046 288 1106 {episcopis
323 1053 367 1090 et
403 1046 518 1089 omni
555 1044 679 1103 plebe
714 1045 963 1103 repudiatus
974 1053 1002 1099 ²,
1038 1059 1252 1103 quamque
1291 1046 1563 1104 postmodum

55 1103 231 1147 “iniuste
259 1110 469 1160 receptus,
500 1101 684 1159 quadam
714 1109 838 1145 nocte
873 1108 994 1145 extra
1022 1101 1215 1157 Romam,
1255 1101 1358 1144 dum
1388 1117 1433 1144 se
1463 1117 1563 1145 cum

49 1159 153 1202 viri
182 1158 405 1203 cuiusdam
435 1171 570 1200 uxore
600 1157 842 1212 oblectaret,
872 1158 917 1200 in
945 1158 1199 1215 timporibus
1219 1158 1324 1201 adeo
1345 1172 1371 1201 a
1392 1157 1562 1202 diabolo
1577 1173 1640 1200 Mai
1662 1174 1708 1201 ιι.

55 1222 138 1259 <est
165 1229 407 1274 percussus,
437 1220 485 1257 ut
513 1213 622 1256 infra
651 1213 817 1257 dierum
847 1221 944 1257 octo
974 1215 1165 1271 spacium
1202 1213 1353 1257 eodem
1391 1215 1445 1257 sit
1472 1213 1562 1257 vul-

50 1276 175 1315 nere
210 1278 415 1314 mortuus.
484 1269 572 1313 Sed
607 1269 886 1314 eucharistiae
923 1270 1144 1324 viaticum,
1185 1271 1199 1312 i
1232 1271 1321 1313 sius
1359 1271 1563 1314 instinctu

50 1354 62 1367 ι
74 1328 150 1386 qui
178 1342 278 1371 eum
306 1333 574 1385 percusserat
585 1325 616 1380 b,
652 1341 738 1370 non
778 1326 990 1393 percepit3
1027 1340 1181 1384 quema
1214 1326 1388 1369 modum
1418 1341 1444 1369 a
1474 1327 1561 1370 suis

48 1385 264 1441 cognatis
302 1391 345 1427 et
382 1381 676 1437 familiaribus,
722 1397 796 1441 qui
835 1389 1051 1440 presentes
1090 1389 1222 1438 erant,
1260 1397 1440 1441 persepe
1480 1382 1560 1426 sub

47 1440 339 1485 *attestatione
363 1438 622 1482 audivimus.

61 1513 66 1517 ·
184 1497 252 1540 20.
297 1496 395 1550 Quo
423 1502 605 1549 mortuo,
635 1494 815 1538 Romani
845 1509 990 1538 omnes
1034 1494 1257 1539 iuramenti
1278 1494 1393 1553 quod
1415 1502 1560 1539 sancto

47 1553 57 1586 1²
102 1553 357 1595 remiserant
384 1551 630 1609 imperatori
663 1552 947 1607 immemores,
982 1528 1262 1595 benedictum
1303 1550 1560 1595 cardinalem

104 1610 295 1653 iaeonem
311 1621 469 1675 papam
493 1608 765 1662 constituunt,
796 1608 971 1665 insuper
990 1615 1030 1650 et
1051 1609 1299 1662 iuramento,
1326 1622 1560 1665 numquam

70 1679 119 1710 se
150 1680 250 1710 eum
280 1663 541 1718 dimissuros,
577 1662 654 1707 sed
683 1678 780 1708 eum
812 1671 987 1707 contra0
1026 1663 1291 1721 imperatoris
1327 1664 1561 1722 potentiam

55 1721 335 1776 defensuros,
353 1721 619 1779 promittunt.
659 1719 756 1774 Quo
777 1719 934 1773 audito,
955 1720 1186 1778 imperator
1204 1720 1353 1764 urbem
1374 1719 1559 1775 vallavit,

48 1778 306 1832 ξηθωίηθω,
357 1778 430 1835 qui
475 1790 560 1819 non
603 1776 805 1819 membris
852 1782 1135 1830 truncaretur,
1185 1777 1302 1820 exire
1349 1776 1560 1843 permisit3

48 1833 279 1890 j'machinis
308 1840 350 1877 et
377 1833 489 1876 fame
518 1846 654 1890 usque
683 1832 790 1876 adeo
820 1831 986 1885 afflixit,
1022 1832 1157 1875 donec
1187 1833 1390 1876 Romanis
1419 1832 1562 1875 nolen-

47 1890 186 1949 {2tibus
223 1889 374 1934 urbem
409 1889 629 1946 reciperet,
666 1888 853 1932 Leonem
892 1889 1031 1931 virum
1070 1887 1354 1932 venerabilem
1394 1888 1562 1932 debitae

43 1946 163 2001 medi
192 1946 441 1999 restitueret,
470 1958 520 1987 ac
549 1944 829 1989 Benedictum
860 1958 1051 1988 summae
1079 1944 1190 1988 sedis
1210 1946 1448 1989 invasorem
1470 1946 1561 1989 eius
1577 1964 1643 1990 mn.
1667 1964 1716 1991 2³.

52 2011 60 2042 s
73 2003 310 2062 presentiae
336 2007 612 2060 presentaret.

184 2059 252 2102 21.
294 2055 593 2102 Residentibus
628 2057 687 2100 ita
719 2072 771 2100 ue
810 2056 967 2100 domno
1006 2058 1148 2101 Leone
1188 2071 1355 2100 summo
1392 2064 1434 2100 et
1470 2058 1560 2100 uni-

48 2114 229 2172 >v,versali
272 2128 385 2172 papa
424 2114 467 2156 in
507 2111 660 2157 eclesia
754 2113 976 2167 teranensi,
1017 2128 1184 2156 necnon
1223 2122 1264 2157 et
1302 2114 1559 2171 imperatore

46 2170 368 2227 {sanctissimo‘¹
400 2170 572 2223 ottone,
602 2170 745 2227 episco
779 2170 814 2212 is
844 2170 1019 2227 insuper
1054 2170 1277 2224 Romanis,
1315 2169 1495 2223 Italicis,
1534 2184 1561 2212 a

46 2232 53 2256 ἕ
72 2227 350 2285 Lotharingia
378 2234 420 2270 et
449 2226 637 2270 Saxonia
666 2240 738 2268 arc
771 2226 1011 2283 iepiscopis,
1045 2227 1270 2284 episcopis,
1301 2225 1559 2284 1›resbiteri8‚

46 2314 55 2338 32
72 2282 325 2328 diaconibus
380 2282 580 2340 omnique
624 2282 912 2325 Romanorum
957 2281 1093 2340 plebe,
1140 2296 1320 2340 quorum
1362 2282 1558 2325 nomina‘

39 2358 44 2394 g
72 2340 247 2385 inferius
284 2314 590 2391 adscribentur,
633 2338 805 2382 advenit
842 2337 1113 2392 Benedictus,
1151 2353 1177 2381 a
1209 2338 1410 2382 ostolicae
1449 2338 1561 2381 sedis

47 2407 54 2442 ζ
72 2397 257 2450 invasor,
296 2409 443 2438 eorum
480 2395 552 2461 qui
590 2409 635 2438 se
672 2393 734 2437 cle
767 2401 885 2438 erant
914 2393 1109 2437 manibus
1138 2409 1162 2437 a
1196 2394 1363 2442 ductus,
1395 2394 1561 2452 pontifi-

43 2454 48 2466 ³
73 2451 236 2497 calibus
265 2450 455 2494 vestibus
483 2449 671 2493 mdutus.
730 2409 868 2504 &uem
897 2450 1155 2495 Benedictus
1177 2450 1402 2494 cardinalis
1426 2449 1559 2493 archi-

46 2507 278 2567 3diaconus
306 2505 379 2551 tali
415 2514 479 2550 est
508 2521 700 2550 sermone
740 2505 987 2564 adgressus:
1032 2508 1142 2562 ‘Qua
1181 2507 1257 2551 tibi
1295 2507 1560 2561 auctoritate,

39 2635 49 2642 „,
72 2618 104 2650 ι)
127 2625 213 2646 rom
237 2619 263 2644 ι.
345 2615 375 2649 b)
398 2622 578 2650 percanora
603 2618 628 2643 ι.
711 2615 737 2648 ο)
762 2620 867 2643 contra
889 2622 957 2643 enm
983 2618 1009 2644 1.
1092 2617 1122 2650 d>
1145 2617 1282 2643 unianimo
1308 2618 1333 2643 1.
1403 2614 1435 2651 s)
1456 2617 1512 2643 nn
1535 2617 1559 2642 ι.

38 2717 42 2726 ’
77 2707 114 2750 ¹)
143 2706 284 2742 Contin.
319 2706 447 2749 Regin.
474 2704 563 2746 9⁶⁴,
598 2703 784 2739 Benedicti
821 2705 938 2739 chron.
975 2715 1005 2739 c.
1033 2705 1096 2746 37,
1133 2704 1295 2739 Gerberti
1330 2704 1423 2738 Acta
1459 2713 1560 2737 conc.

36 2792 38 2794 ,
75 2756 178 2791 Rem.
206 2765 237 2791 ο.
265 2754 324 2789 28.
422 2753 462 2797 2)
486 2754 600 2788 Tacet
626 2754 683 2788 hic
711 2758 833 2788 auctor
860 2759 979 2789 noster
1005 2753 1048 2788 de
1075 2753 1223 2798 synodo,
1251 2764 1356 2798 quam
1384 2752 1561 2787 Iohannes

39 2818 51 2851 ἢ
76 2815 172 2851 papa
198 2803 322 2839 diebus
348 2802 501 2836 26—28.
531 2803 715 2838 Februarii
743 2814 853 2838 mens.
882 2804 917 2837 in
940 2802 1087 2837 basilica
1107 2805 1220 2837 sancti
1240 2803 1334 2836 Petri
1355 2801 1561 2842 celebravit,

42 2853 51 2869 ³
77 2864 218 2899 quaque
246 2852 392 2888 decreta
418 2853 543 2897 prioris
568 2851 694 2896 synodi
719 2853 821 2887 irrita
845 2851 1010 2886 reddidit.
