1838 3210
228 1275 294 1301 894.

165 1374 214 1409 ’μ
229 1376 295 1402 284.

230 2055 296 2083 899.

175 2095 250 2123 Dec.
269 2096 295 2123 8.

307 238 353 270 20
513 233 814 268 LIUDPRANDI
839 231 1184 267 ANTAPODOSIS.
1233 231 1328 266 LIB.
1356 231 1386 265 Ι.
1438 230 1597 278 34-8ξ.

307 348 390 391 lam
419 347 646 400 faciebant,
675 353 820 403 gestus
853 345 1002 401 turpis,
1039 351 1189 386 cantus
1223 342 1420 396 ludicres,
1458 341 1720 388 dibachatio·
1742 365 1751 379 ι

307 403 394 447 Sed
423 410 466 446 et
493 402 691 444 mulieres
719 400 869 444 eodem
898 399 1081 457 publice,
1122 414 1198 456 pro
1228 398 1359 453 nefas,
1390 396 1805 456 prostituebantur&

419 459 487 503 34.
532 458 729 514 Denique
767 455 1015 499 redeuntem
1052 470 1196 512 regem
1235 469 1391 512 magna
1424 469 1523 497 cum
1549 453 1802 502 valetudine

307 516 535 559 Arnulfum
564 514 738 570 palatim
765 527 843 555 rex
873 510 1002 556 Wido
1031 512 1312 568 persequitur.
1363 510 1561 569 Cumque
1588 509 1810 556 Arnulfum

307 572 516 615 Bardonis
544 576 729 612 montem
758 567 1061 610 conscenderet
1071 574 1100 620 ²,
1130 566 1211 609 hoc
1238 581 1414 609 suorum
1443 565 1618 610 consilio
1646 565 1802 611 defini-'

307 629 406 681 vit2,
446 628 645 685 quatinus
674 624 981 723 Berengarium
1018 622 1177 665 lumine
1207 624 1407 680 privaret,
1443 623 1591 681 sicque
1618 633 1806 684 securus

308 684 474 726 Italiam
515 682 735 725 obtineret.
842 684 1094 735 egnatorum
1131 693 1231 721 vero
1271 679 1518 735 Berengarii
1555 693 1680 734 unus,
1719 679 1808 738 qui

307 755 393 782 non
422 754 554 796 parva
572 735 753 779 Arnulso
782 736 872 792 regi
900 734 1195 777 familiaritatis
1223 735 1363 791 gratia
1390 733 1623 790 inherebat,

308 795 424 838 modi
453 793 676 837 consilium
705 798 754 835 ut
771 806 797 833 a
858 791 956 845 ovit,
985 790 1147 847 absque
1167 805 1287 832 mora
1304 791 1564 848 Berengario
1582 790 1809 848 patefecit.

310 852 397 905 Qui
425 865 527 892 mox
555 858 604 892 ut
631 848 774 902 sensit,
819 861 975 890 ucerna
1004 861 1133 913 quam
1162 855 1260 889 ante
1289 846 1458 889 Arnulfi
1483 846 1596 905 regis
1624 857 1806 904 preseni

308 908 413 951 tiam
431 911 626 950 tenuerat
643 903 717 947 alii
732 903 901 958 tradita,
920 902 1059 960 fugin,
1078 910 1208 959 atque
1228 902 1443 946 Veronam
1461 903 1649 960 percitus
1667 903 1812 949 ’ςνθιιίὲεἼ

419 962 487 1006 35.
533 961 693 1004 Omnes
734 966 895 1003 extunc
937 958 1155 1001 Italienses
1198 958 1425 1001 Arnulfum
1471 957 1809 1019 floccipendere,

307 1017 452 1062 nichili
490 1018 660 1060 habere.
725 1015 851 1059 Unde
889 1029 988 1057 cum
1026 1015 1222 1057 Ticinum
1260 1016 1425 1058 veniret
1440 1021 1470 1070 ³,
1507 1029 1594 1058 non
1626 1014 1807 1066 modica,

307 1075 430 1118 horta
458 1079 520 1116 est
547 1075 592 1115 in
620 1073 791 1115 civitate
819 1071 1000 1125 sedicio;
1035 1078 1234 1127 tantaque
1264 1071 1359 1113 istic
1388 1071 1603 1114 exercitus
1632 1077 1810 1129 strages

308 1131 424 1173 facta
458 1136 534 1184 est,
571 1136 620 1171 ut
656 1129 816 1184 criptae
846 1127 1041 1180 civitatiS‚
1082 1142 1187 1183 quas
1217 1126 1299 1169 alio
1328 1128 1500 1171 nomine
1537 1126 1706 1170 cloacas
1733 1127 1808 1171 di-'‘

309 1194 422 1240 cunt,
450 1185 601 1228 horum
621 1183 898 1227 cadaveribus
917 1182 1192 1240 replerentur.
1232 1182 1359 1236 Quod
1379 1182 1585 1227 Arnulfus
1605 1197 1816 1239 cernens,

339 1242 510 1284 uoniam
530 1257 606 1298 per
624 1240 837 1283 Veronam
857 1254 943 1281 non
962 1239 1114 1296 potuit,
1143 1254 1221 1295 per
1239 1239 1494 1282 Hannibalis
1513 1240 1644 1294 viam,
1665 1244 1813 1298 quamff

308 1259 523 1341 {ardunfl
543 1298 701 1351 dicunt,
731 1301 773 1339 et
790 1302 977 1338 montem
996 1295 1112 1337 Iovis
1131 1295 1336 1352 repedare
1355 1294 1555 1361 disponit.
1598 1294 1817 1363 Cumque

309 1354 589 1411 ¹'‘Eporegiam
603 1353 876 1410 pervenisset,
891 1351 1125 1394 Anscarius
1143 1351 1358 1394 marchio-'⁰
1379 1352 1479 1395 istac
1493 1351 1654 1407 aderat,
1673 1359 1818 1398 cmus‘}

310 1417 353 1453 et
387 1409 558 1452 hortatu
597 1409 746 1450 civitas
786 1407 1029 1450 rebellabat.
1086 1407 1249 1450 Verum
1286 1407 1367 1450 hoc
1402 1407 1611 1451 Amulfus
1638 1408 1817 1452 iureiu-'

308 1466 440 1509 rando
482 1465 744 1523 promiserat,
783 1478 1016 1520 numquam
1045 1478 1090 1505 se
1119 1477 1146 1504 a
1174 1463 1267 1505 loeo
1309 1462 1459 1507 eodem
1493 1463 1812 1521 discessurum„

308 1521 451 1580 quoad
518 1521 724 1563 resentiae
763 1534 864 1562 suae
899 1525 1191 1575 presentarent
1225 1519 1494 1562 Anscarium.
1560 1520 1605 1563 Is
1638 1526 1838 1576 autem,

307 1585 356 1620 ut
384 1584 473 1620 erat
531 1591 626 1619 omo
655 1575 780 1618 valde
814 1574 1124 1629 formidolosus,
1163 1575 1203 1618 ei
1231 1576 1401 1618 omnino
1440 1575 1589 1618 similis
1626 1589 1713 1633 quo
1741 1574 1806 1623 ἅθ’,
1837 1611 1838 1614 ¹

307 1634 427 1676 Maro
461 1634 567 1675 ait⁶2
1836 1637 1838 1645 ’

478 1689 657 1743 ‘Largus
686 1702 829 1744 opum,
858 1686 1005 1742 lingua
1033 1686 1193 1741 melior,
1222 1686 1299 1729 sed
1327 1686 1481 1744 frigida
1508 1686 1620 1730 bello

476 1742 691 1797 Dextera',
1836 1774 1838 1800 ἑ

310 1801 364 1844 de
393 1799 564 1843 castello
595 1799 710 1853 exiit,
741 1806 784 1841 et
811 1799 933 1841 iuxta
960 1813 1131 1840 murum
1161 1799 1343 1841 civitatis
1371 1799 1417 1840 in
1445 1799 1637 1842 cavernis
1656 1813 1713 1857 pe
1726 1819 1735 1835 ι
1763 1818 1767 1834 =
1796 1824 1808 1855 f
1836 1801 1838 1825 ³

309 1870 405 1899 rum
433 1856 568 1899 latuit.
611 1855 709 1897 Hoc
737 1861 881 1897 autem
910 1869 960 1896 eo
989 1853 1100 1908 fecit,
1132 1855 1331 1911 quatinus
1360 1854 1475 1897 licite
1501 1861 1678 1912 possent
1735 1854 1805 1912 ιζ
1836 1859 1838 1902 ξ

309 1911 491 1955 Arnulfo
530 1911 792 1963 satisfacere,
831 1911 1088 1952 Anscarium
1127 1911 1170 1952 in
1208 1910 1316 1952 urbe
1354 1925 1441 1952 non
1478 1925 1585 1954 esse.
1642 1911 1807 1978 Itaque
1835 1909 1838 1943 ³

309 1966 604 2010 iusiurandum
632 1982 710 2009 rex
737 1966 852 2008 istud
879 1968 1060 2021 accepit,
1088 1974 1217 2023 atque
1246 1967 1326 2009 iter
1351 1965 1468 2023 quod
1487 1974 1659 2024 ceperat
1675 1965 1813 2018 abac
1834 1946 1838 2014 l

422 2024 490 2065 36.
533 2022 839 2079 Profectusque
868 2023 912 2063 in
932 2036 1009 2078 pro
1042 2022 1118 2076 ria,
1146 2023 1394 2080 turpissima
1411 2022 1656 2067 valetudine
1674 2037 1701 2067 e
1761 2023 1804 2065 i-
1835 2015 1838 2062 1

309 2080 432 2122 ravit.
475 2078 652 2121 Minutis
681 2079 841 2143 quippe
869 2078 1003 2120 vermi
1034 2093 1084 2119 us
1113 2093 1219 2135 quos
1247 2077 1513 2134 pedunculos
1531 2079 1653 2122 aiunt
1669 2094 1698 2122 v
1753 2093 1802 2125 0-1v

310 2142 474 2177 menter
500 2134 682 2187 affictus,
711 2134 906 2190 spiritum
935 2133 1132 2176 reddidit.
1189 2134 1343 2176 Fertur
1370 2142 1527 2189 autem,
1557 2134 1675 2191 quod
1699 2149 1806 2192 pre-

309 2191 385 2233 fati
426 2205 593 2232 vermes
635 2190 742 2233 adeo
786 2190 1080 2243 scaturrirent,
1124 2196 1171 2232 ut
1213 2189 1338 2232 nullis
1377 2189 1640 2233 medicorum
1678 2205 1735 2233 c¹
1759 2190 1805 2228 :ss

309 2329 340 2363 a)
363 2329 511 2356 definiunt
533 2330 558 2355 1.

313 2434 350 2478 1)
375 2434 456 2469 Hoc
483 2438 590 2479 caput
615 2435 661 2467 ad
686 2435 902 2477 Bergomum
930 2439 1169 2478 expugnatum
1194 2436 1372 2478 pertinere
1397 2436 1520 2481 Lupus
1545 2435 1653 2479 (cod.
1678 2435 1770 2481 dipl·
1797 2477 1798 2480 Ἴ

309 2487 395 2518 mat.
421 2485 616 2527 Bergomas
640 2484 670 2525 1,
698 2482 807 2525 1027)
834 2487 931 2516 recte
958 2484 1106 2517 censuit.
1190 2483 1229 2527 2)
1254 2485 1479 2528 Apenninum
1502 2489 1658 2519 montem
1682 2495 1796 2532 prop.

310 2531 432 2565 Bardi.
679 2532 719 2575 3)
758 2533 829 2564 Hic
866 2532 1016 2565 fortasse
1056 2536 1179 2565 auctor
1228 2537 1348 2566 noster
1390 2533 1523 2567 labitur
1538 2558 1548 2575 ‚
1599 2543 1681 2567 cum
1721 2534 1734 2567 i
1768 2551 1804 2577 ‘¹12

310 2591 344 2614 a.
371 2580 441 2612 886
477 2580 534 2614 die
569 2580 765 2624 palmarum
801 2581 918 2613 Ticini
951 2580 1081 2614 seditio
1116 2585 1193 2614 orta
1226 2583 1283 2623 sit,
1315 2582 1359 2615 cf.
1395 2581 1588 2616 Annalium
1620 2581 1795 2617 Palam

311 2633 448 2673 partem
473 2630 506 2663 V
531 2629 577 2662 ad
602 2629 637 2662 h.
663 2639 695 2663 a.
855 2628 894 2672 4)
919 2630 991 2663 Ubi
1017 2629 1123 2662 hodie
1156 2630 1343 2664 castellum
1369 2630 1466 2663 Bard
1491 2632 1572 2664 viae
1596 2632 1808 2675 imminere,

310 2678 492 2722 Eporedia
534 2678 733 2722 Aug-ustam
773 2678 923 2711 tendens
964 2679 1096 2722 aspicis
1138 2677 1210 2721 (cf.
1251 2678 1387 2712 Arnulfi
1429 2680 1541 2714 Gesta
1581 2677 1804 2724 archiepis&

310 2725 458 2760 Mediol.
483 2727 533 2768 Π,
559 2737 591 2760 c.
618 2726 659 2759 8:
693 2727 858 2770 praecisa
882 2737 969 2760 saxa
992 2727 1279 2771 inexpugnabilis
1297 2727 1396 2772 opidi
1413 2727 1552 2772 Bardi).
1591 2729 1664 2764 Sed
1679 2728 1797 2762 Lina-1

310 2775 485 2818 prandum
511 2785 555 2808 ea
580 2786 672 2819 quae
689 2775 848 2809 Annales
873 2775 1072 2809 Fuldenses
1099 2775 1144 2808 de
1170 2777 1282 2820 primo
1307 2776 1443 2810 Arnulfi
1469 2777 1587 2811 reditu
1612 2788 1656 2811 ex
1682 2776 1798 2819 Italia

311 2827 464 2865 narrant,
490 2824 595 2857 alteri
618 2834 803 2868 perperam
828 2825 993 2865 tribuere,
1017 2827 1128 2868 patet.
1203 2823 1241 2868 5)
1268 2825 1432 2859 Widonis
1456 2827 1586 2868 socius,
1612 2825 1745 2871 quond
1829 2853 1833 2857 .

311 2872 520 2907 Oscarensis
543 2874 630 2917 pagi
655 2873 883 2916 Burgundiae
910 2883 1041 2907 comes.
1141 2873 1179 2916 6)
1204 2875 1294 2907 Aen.
1319 2874 1383 2915 XI,
1411 2874 1494 2908 338.
1520 2875 1605 2909 339.
