1838 3210
301 245 606 280 LIUDPRANDI
631 244 977 280 ANTAPODOSIS.
1028 245 1124 279 LIB.
1151 246 1197 280 V.
1458 248 1504 281 99

36 358 81 409 ξω·
121 357 372 415 aliquandiu
407 362 706 411 commoratus,
740 357 1013 400 miseratione
1050 357 1163 414 regis
1202 356 1399 413 dignitati
1441 365 1504 401 est
1519 373 1588 405 989,

36 412 89 466 ‘ff-
108 434 149 452 a·
168 433 203 451 :-
240 414 471 457 restitutus.

116 469 184 513 34.
242 469 473 513 Heinricus
501 469 686 526 denique
714 469 842 526 regis,
871 469 1014 512 fratris
1046 467 1210 512 seilicet
1234 469 1314 522 sui,
1344 475 1503 512 terrore

37 525 286 579 ‘,1.‘matus,
315 526 361 568 in
390 524 609 568 castellum
638 524 848 568 vocabulo
875 524 1182 582 Capraemons,
1212 525 1396 582 ingeniis
1417 540 1505 569 non

38 582 49 587 ’
79 601 86 618 ι
109 601 130 620 n
170 581 392 625 hominum
420 596 570 624 verum
594 587 747 623 natura
766 581 862 639 ipsa
879 581 1094 623 munitum
1109 589 1136 635 ¹,
1166 580 1335 637 ingredi
1354 580 1503 625 voluit.

47 675 49 677 ,
84 656 120 675 0·
161 652 282 681 soror
309 638 413 691 eius,
443 637 575 680 vidua
602 636 802 681 videlicet
832 636 1077 691 Gisleberti,
1137 651 1378 692 renoscens,
1414 653 1503 680 non

37 692 139 737 *um
166 708 221 737 ne
249 693 295 737 id
323 693 464 736 facere
494 701 639 751 posset
667 692 899 751 prohibuit,
933 707 1083 735 verum
1148 692 1367 736 itiusmodi
1403 709 1503 737 eum

38 771 51 785 -·
82 771 103 788 ι·
116 749 270 793 onibus
299 750 522 793 convenit:
579 750 695 792 ‘Pro!
740 763 826 792 non
869 755 954 792 tete
996 749 1266 792 miseriarum
1309 764 1502 793 mearum

44 822 62 842 ··
85 813 130 860 ·t,
160 820 268 872 quas
298 806 479 863 coniuge
508 806 764 863 interempto
793 805 1023 871 perpetior,
1054 804 1138 848 nisi
1167 806 1296 847 etiam
1324 806 1431 848 meis
1461 812 1502 849 te

46 874 50 895 ‘-
72 862 389 905 municionibus
419 861 684 905 occludendo
713 877 827 918 regis
854 862 964 904 iram
993 875 1123 918 super
1150 861 1371 918 regionem
1390 862 1502 905 hano

43 940 47 953 =
72 925 122 961 ut
148 932 306 975 aquam
335 917 563 961 effundas?
609 917 708 960 Non
736 917 882 972 feram,
922 932 1008 960 non
1036 917 1189 974 patiar,
1226 932 1312 960 non
1342 918 1501 973 sinam3

42 996 76 1024 ,ιι
115 981 234 1017 tanta
260 973 464 1018 vecordia
501 974 631 1016 miehi
670 975 816 1016 innata
852 974 990 1028 inerit,
1028 980 1077 1016 ut
1112 988 1169 1016 ex
1203 974 1311 1016 meis
1340 975 1501 1018 incom-

49 1078 53 1081 ,
82 1030 132 1068 ·’;
168 1037 243 1073 tua
271 1044 367 1073 com
399 1044 495 1072 ares
516 1030 768 1073 oommoda’.

38 1135 40 1138 y
113 1087 180 1130 35.
239 1085 321 1129 His
369 1046 599 1130 heinricus
647 1086 818 1139 auditis,
867 1100 966 1128 cum
1013 1084 1131 1127 aliud
1179 1085 1294 1142 quod
1341 1086 1503 1130 faceret

43 1148 228 1197 oraret,
257 1141 497 1199 adsumptis
527 1157 687 1195 secum,
718 1156 902 1199 quorum
932 1140 1120 1199 presidio
1150 1141 1382 1196 iuvaretur,
1439 1143 1502 1185 ui-

44 1198 183 1242 ·w‘am
213 1198 441 1256 episcopis,
470 1198 540 1242 die
569 1197 756 1255 quadam
785 1196 912 1240 nudis
941 1196 1127 1255 pedibus
1155 1197 1271 1254 regis
1291 1198 1348 1241 ad
1366 1213 1422 1255 pe
1454 1214 1501 1242 es

77 1274 85 1292 ι
113 1255 337 1311 ignorante
356 1255 563 1312 pervenit,
594 1253 863 1321 supplexque
883 1252 1223 1296 misericordiam
1242 1253 1500 1319 imploravit.

71 1310 82 1321 ”
102 1325 202 1354 rex:
233 1309 499 1368 ‘Indignum’,
529 1311 681 1368 inquit,
713 1309 893 1352 ‘facinus
918 1316 1040 1352 tuum
1059 1309 1395 1353 misericordiam
1414 1325 1502 1353 non

47 1409 49 1412 .
100 1387 107 1393 ·
144 1385 151 1404 ι
186 1399 197 1410 .
254 1367 417 1410 Verum
446 1367 549 1424 quia
576 1365 703 1410 video
733 1374 775 1410 te
803 1364 1073 1408 humiliatum
1111 1379 1254 1408 eoram
1291 1380 1374 1421 me,
1413 1382 1501 1410 non

54 1437 199 1466 neam
229 1422 390 1466 malum
420 1437 549 1480 super
578 1425 644 1466 te’.
701 1422 834 1465 Iussit
862 1422 1007 1479 itaque
1042 1435 1141 1464 eum
1177 1436 1256 1464 rex
1291 1422 1347 1465 ad
1383 1422 1498 1479 pala-

73 1500 93 1516 ιι
133 1493 274 1533 suum,
304 1478 420 1536 quod
449 1480 494 1521 in
522 1479 708 1521 Francia
735 1479 780 1521 in
808 1477 903 1521 loco
931 1478 1005 1543 qui
1031 1477 1322 1543 Ingelenheim
1342 1477 1500 1523 dicitur

49 1556 69 1574 ιι
87 1536 301 1578 titutum·
349 1541 415 1578 est
426 1542 456 1587 ²,
507 1534 736 1592 proficisci,
795 1533 1040 1591 sollertique
1098 1532 1219 1576 1llum
1276 1533 1500 1633 vigilantia

42 1639 64 1643 ¹
91 1591 214 1645 odiri,
246 1590 389 1649 quoad
418 1591 506 1634 irae
535 1598 699 1634 remota
717 1589 941 1649 paululum
961 1589 1215 1647 egritudine,
1245 1591 1318 1647 qui
1370 1606 1500 1650 super
1515 1611 1583 1642 941,

67 1645 250 1702 faceret,
280 1647 519 1704 sapientum
550 1646 724 1690 consilio
754 1646 963 1689 definiret.

118 1738 396 1784 EXPLICIT
424 1738 604 1782 LIBER
634 1737 912 1793 QUARTUS
945 1737 1073 1781 DEO
1106 1735 1378 1782 GRATIAS.

207 1916 516 1961 INCIPIUNT
546 1916 847 1961 CAPITULA
875 1915 1038 1959 LIBRI
1068 1915 1291 1970 QUINTI.

110 2042 121 2053 .
166 2008 361 2064 Qualiter
410 2009 698 2053 Herimannus
748 2009 988 2053 Suevorum
1036 2008 1127 2051 dux
1174 2008 1365 2052 Liutulfo
1410 2007 1497 2051 filio

165 2066 279 2123 regis
307 2064 439 2108 filiam
468 2080 591 2108 suam
619 2065 791 2109 nomine
820 2065 931 2108 Itam
961 2065 1185 2122 coniugem
1216 2064 1350 2107 daret.

110 2154 121 2165 .
164 2121 234 2165 De
264 2120 414 2180 eclipsi
443 2121 544 2164 solis
572 2129 615 2165 et
643 2122 910 2180 apparitione
940 2126 1143 2164 cometae.

109 2209 121 2222 .
164 2177 233 2221 De
262 2192 313 2221 eo
343 2177 459 2236 quod
489 2192 566 2221 rex
589 2177 722 2235 Hugo
741 2178 924 2221 Romam
953 2177 1181 2235 quotannis
1212 2182 1497 2234 oppresserat.

110 2266 120 2277 .
164 2233 234 2277 De
263 2233 527 2291 Berengario
562 2240 606 2277 et
639 2234 850 2277 Ansoario
880 2233 1096 2287 fratribus,
1154 2246 1307 2275 uorum
1335 2231 1497 2275 Ansoa-

163 2289 274 2332 rium
324 2290 370 2333 in
417 2289 645 2333 Camerino
693 2298 736 2333 et
785 2287 961 2347 Spoleto
1009 2302 1124 2331 marc
1159 2288 1298 2331 ‘onem
1341 2288 1496 2331 consti—

166 2352 316 2389 tuerat.

112 2434 122 2444 .
167 2401 235 2444 De
266 2400 456 2445 Serlione
516 2416 615 2445 uem
644 2416 722 2445 rex
741 2400 875 2459 Hugo
905 2405 1053 2443 eontra
1072 2398 1327 2443 Anscarium
1355 2400 1645 2458 mitfit›·p.⁸2v.

166 2465 209 2501 et
237 2457 290 2502 de
318 2456 463 2501 verbis
486 2417 731 2501 (Ansam-fib.

164 2513 233 2557 De
262 2513 375 2557 bono
406 2512 584 2557 consilio
612 2512 832 2557 Wikberti
869 2512 972 2556 boni
1007 2511 1166 2567 militis,
1205 2518 1248 2555 et
1277 2510 1389 2554 malo
1418 2512 1497 2554 Ar-

166 2569 265 2613 eodi
293 2568 393 2613 mali
424 2568 569 2613 militis
581 2577 611 2612 ⁰.

67 2669 81 2712 ἶ
118 2678 194 2705 itum
218 2680 244 2706 1.
406 2676 438 2711 b)
462 2679 605 2711 Amoque
634 2677 717 2704 index
744 2678 848 2704 codicia
870 2677 896 2703 8.
926 2678 1008 2704 cuitu
1037 2682 1131 2704 mm
1152 2681 1246 2704 eamn
1266 2678 1386 2703 nonnius·
1406 2678 1497 2710 capita

251 2716 280 2751 e)
303 2718 446 2751 »musque
462 2718 560 2751 prinu·
582 2725 680 2747 manu,
703 2717 815 2751 reliqua
837 2717 939 2743 indic-'a
960 2717 1057 2750 capita
1079 2724 1167 2744 nanu
1187 2717 1311 2743 coeundo
1336 2719 1363 2744 1.

105 2803 302 2840 evi-omont
326 2816 436 2851 prope
460 2805 649 2847 Leodium,
675 2804 867 2840 Gisleberti
893 2808 1058 2840 castrum.
1160 2803 1198 2846 2)
1226 2804 1283 2838 Cf.
1301 2803 1498 2847 Reginoniu

67 2872 85 2887 ,-
106 2854 535 2937 'uggkimmudpnnam
561 2855 620 2889 hic
646 2855 799 2899 priorem
817 2854 981 2889 Heinrici
999 2854 1259 2889 subiectionem
1278 2863 1358 2886 cum
1376 2856 1497 2897 poste-

1143 2969 1185 3002 ⁷·
