1838 3210
287 231 590 265 LIUDPRANDI
615 230 847 266 HISTORIA
873 230 1095 265 OTTONIS.
1147 229 1302 262 15—16.
1470 227 1541 261 133

94 364 113 374 <
136 343 246 388 vit?
274 344 389 387 Data
407 343 466 385 X.
490 341 706 386 Kalendas
724 342 976 386 Decembris
996 351 1039 384 et
1057 342 1188 384 missa
1206 356 1283 398 per
1301 340 1539 383 Adrianum
1552 350 1621 377 ⁹⁶³-

88 421 91 427 >
133 420 187 438 σι
206 419 212 437 =
240 415 308 444 em
326 399 622 465 presbiterum,
650 406 694 442 et
711 398 992 442 Benedictum
1012 396 1268 441 cardinalem
1287 395 1539 439 diaconum'.

51 477 57 498 ·.
166 458 232 500 14.
262 456 350 510 Qul
369 469 468 498 cum
488 454 677 498 Tiberim
690 463 702 486 ¹
723 455 1029 512 pervenissent,
1050 468 1147 498 eum
1165 468 1252 496 non
1270 453 1539 507 invenerunt3

50 536 53 546 2
79 533 121 550 ,..·
164 519 316 556 ·tratus
344 511 457 554 enim
485 511 530 553 in
559 511 815 568 campestria
850 512 936 554 iam
973 510 1159 565 abierat3
1201 524 1281 553 nec
1312 510 1539 566 quisquam

51 582 78 625 jn
106 574 153 623 t,
184 569 259 627 qui
285 567 365 622 his,
394 567 469 611 ubi
498 567 590 625 ipse
620 574 743 622 esset,
782 567 970 610 indicare
999 573 1156 624 posset.
1214 565 1411 623 Cumque
1441 581 1540 608 eum

54 625 238 672 --venim
265 638 352 667 non
379 631 566 681 possent,
596 638 693 666 cum
729 623 890 667 eisdem
925 622 1076 667 litteris
1111 622 1167 665 ad
1195 629 1386 665 sanctam
1417 636 1541 678 syno-

206 694 316 738 quae
355 687 458 723 tunc
496 680 620 723 tertio
658 685 722 723 est
758 679 917 733 habita,
959 686 1058 722 sunt
1095 679 1265 722 reversi.
1321 678 1427 721 Mox
1465 678 1541 720 im-

41 784 66 790 „
88 758 98 775 τ.
134 745 219 781 tor
263 737 344 780 ait:
403 736 751 793 ‘Expectavimus
796 736 1030 779 adventum
1078 736 1191 789 eius,
1247 743 1296 778 ut
1342 741 1540 793 presente

40 790 112 848 ἔχι,
141 792 244 852 quid
266 793 387 836 nobis
416 793 560 849 egerit,
591 806 880 850 quereremur3
909 807 1061 835 verum
1123 793 1297 834 uoniam
1325 805 1410 833 non
1440 805 1541 834 eum

41 895 42 898 ,
75 871 91 891 .·
152 857 296 893 turum
335 857 450 893 certo
490 850 662 901 scimus,
693 863 822 906 quam
850 848 1012 906 perfide
1049 862 1104 891 no
1137 848 1274 891 iseum
1312 848 1458 904 egerit,
1493 854 1542 890 ut

53 905 274 957 *flenter
308 906 565 962 agnoscatis,
602 906 731 948 etiam
770 912 900 971 atque
933 905 1061 948 etiam
1094 903 1350 960 flagitamus.
1378 903 1539 946 Notum

41 982 93 1018 ;
115 976 190 1006 -ue
243 961 366 1004 vobis
420 961 602 1004 facimus
658 960 1010 1019 archiepiscopis,
1066 961 1279 1018 episeopis
1293 967 1324 1014 ⁸,
1379 959 1539 1016 presbi-

41 1018 91 1069 ζει
132 1050 160 1072 »,
208 1017 473 1071 diaconibus,
517 1016 784 1083 ‘reliquoque
826 1017 951 1071 clero,
994 1031 1160 1060 necnon
1205 1024 1248 1060 et
1296 1016 1537 1071 comitibus,
1552 1031 1681 1068 ’μαι

42 1075 79 1111 ἰ»
101 1073 271 1127 ‘cibus,
302 1074 502 1131 omnique
522 1072 650 1131 plebi,
674 1074 790 1131 quod
810 1073 923 1116 idem
943 1073 1155 1117 Iohannes
1174 1087 1289 1131 papa
1308 1087 1538 1130 oppressus

50 1135 55 1139 “
98 1129 359 1186 Berengario
388 1138 518 1187 atque
543 1129 790 1185 Adelberto‚
818 1129 1048 1174 rebellibus
1076 1130 1244 1184 nostris,
1274 1129 1391 1172 misit
1411 1127 1536 1172 nobis

119 1186 353 1230 Saxoniam
381 1186 564 1240 nuntios,
592 1200 763 1243 rogans,
800 1193 847 1229 ut
882 1185 938 1229 ob
974 1200 1163 1229 amorem
1199 1185 1269 1229 dei
1297 1186 1342 1227 in
1369 1183 1536 1228 Italiam

48 1243 302 1298 eniremus,
331 1249 375 1285 et
402 1241 599 1286 eclesiam
629 1244 766 1285 sancti
796 1242 911 1286 Petri
948 1256 1001 1285 ae
1034 1257 1080 1285 se
1115 1242 1258 1300 ipsum
1294 1256 1349 1284 ex
1387 1256 1534 1284 eorum

58 1297 236 1341 :ucibus
278 1298 569 1343 liberaremus.
639 1298 729 1341 Nos
778 1313 879 1341 vero
922 1298 1154 1341 adiuvante
1205 1297 1284 1341 deo
1329 1304 1535 1355 quantum

59 1376 76 1397 a:
121 1355 283 1409 rimus,
312 1369 396 1398 non
429 1362 494 1398 est
520 1369 694 1398 necesse
723 1354 876 1408 dicere,
906 1362 955 1398 ut
981 1355 1025 1397 in
1056 1354 1337 1398 resentiarum
1366 1354 1534 1397 videtis.

47 1422 62 1468 ³}
116 1418 231 1477 ptus
258 1426 361 1455 vero
391 1426 488 1455 mea
517 1425 647 1468 opera
676 1426 732 1455 ex
752 1426 898 1454 eorum
918 1426 1035 1454 mam
1067 1426 1130 1466 us,
1159 1418 1202 1454 et
1219 1411 1370 1454 honori
1391 1410 1534 1454 debito

61 1474 276 1522 gtitutus,
312 1466 467 1534 oblitus
502 1468 736 1533 iuramenti·
765 1475 808 1511 et
842 1466 1070 1521 fidelitatis,
1136 1481 1236 1509 uam
1272 1467 1377 1509 mihi
1406 1480 1536 1524 supra

56 1550 62 1556 ⁵
79 1544 86 1561 Ι

51 1580 56 1588 ’
84 1538 199 1623 mil-lg
218 1531 403 1631 sangae&
412 1523 1316 1634 Ιίιῖῖἒταρᾟιέιὲιέἓεῐῗὲἰῗᾶξέἓίῐῇῗιεἓξὲξ]
1329 1523 1536 1622 «3ῗὲἔὲἓῖ

53 1642 161 1686 fmus
188 1637 345 1679 nostris
374 1635 578 1680 militibus
613 1635 703 1678 dux
742 1634 843 1678 belli
880 1636 1032 1689 faetus,
1069 1635 1202 1679 lorica
1235 1643 1278 1679 et
1313 1634 1435 1692 galea
1472 1643 1537 1679 est

56 1699 235 1750 afutus3
303 1692 390 1735 uod
434 1707 562 1750 super
589 1692 670 1735 hoc
706 1699 853 1735 sancta
890 1692 1080 1750 synodus
1117 1692 1330 1746 decernat,
1370 1691 1535 1735 edicat’.

86 1747 116 1792 d
154 1747 259 1792 baec
336 1750 479 1791 omani
516 1748 739 1806 pontifices
778 1748 965 1806 reliquus
997 1763 1051 1792 ue
1095 1747 1233 1792 clerus
1275 1755 1318 1791 et
1356 1754 1534 1791 cunctus

88 1803 230 1871 pulus
268 1805 595 1863 responderunt:
640 1804 896 1848 ‘Inauditum
934 1820 994 1848 vu
1039 1820 1090 1847 us
1126 1804 1315 1847 inaudito
1345 1811 1410 1847 est
1438 1818 1534 1847 cau-

59 1882 89 1898 -·-a
125 1875 151 1903 o
193 1860 472 1904 exurendum.
532 1861 580 1904 Si
622 1861 835 1919 corruptis
878 1860 1068 1904 moribus
1111 1860 1188 1904 soli
1230 1859 1325 1915 sibi,
1370 1866 1413 1904 et
1449 1874 1534 1903 non

83 1938 87 1953 ι
112 1917 212 1961 ·ctis
240 1917 419 1970 obesset,
450 1931 623 1975 quoquo
653 1917 807 1960 modo*
838 1917 1081 1961 tolerandus
1099 1925 1222 1961 esset.
1279 1918 1398 1971 Quot
1446 1917 1535 1959 rius

79 1972 304 2017 .-.t1huius
338 1973 439 2017 facti
474 1981 572 2017 sunt
609 1974 844 2017 imitatione
879 1974 1060 2018 incesti?
1104 1973 1220 2028 Quot
1255 1974 1379 2031 probi
1437 1974 1534 2016 uius

56 2052 86 2067 .».
102 2028 244 2088 emplo
274 2029 605 2073 conversationis
634 2037 734 2074 sunt
759 2029 963 2088 reprobi?
991 2030 1182 2073 Petimus
1204 2030 1349 2086 itaque
1370 2029 1534 2087 magni-

61 2085 238 2130 udinem
278 2086 446 2144 imperii
483 2087 632 2140 vestri,
676 2093 940 2129 monstrum⁰
983 2085 1088 2129 illud
1126 2085 1242 2129 nulla
1278 2086 1432 2128 virtute
1469 2101 1532 2129 re-

63 2194 66 2200 .
85 2163 94 2179 ;
111 2149 266 2201 „ptum
295 2157 322 2185 a
349 2142 475 2195 vitiis,
505 2156 532 2184 a
560 2151 705 2186 sancta
742 2142 935 2185 Romana
970 2141 1125 2187 eclesia
1162 2141 1276 2200 pelli,
1315 2140 1532 2199 aliumque

62 2201 63 2205 ’
114 2213 139 2241 o
168 2199 259 2242 eius
288 2198 497 2252 constitui,
530 2199 602 2257 qui
630 2199 755 2243 nobis
792 2197 988 2256 exemplo
1022 2199 1160 2242 bonae
1199 2199 1533 2242 conversationts

60 2276 64 2305 ς
107 2270 215 2298 *sse
244 2253 382 2298 valeat
409 2263 451 2298 et
479 2255 699 2312 prodesse3
729 2255 808 2299 sibi
838 2263 952 2299 recte
980 2255 1109 2309 vivat,
1146 2269 1197 2297 ac
1224 2255 1332 2298 bene
1360 2254 1531 2298 vivendi

58 2337 61 2344 ·
84 2310 167 2354 bis
197 2310 440 2368 exemplum
500 2311 669 2355 rebeat'.
727 2311 850 2354 Tune
879 2312 1126 2369 imperator:
1169 2310 1352 2365 ‘Placet',
1381 2310 1530 2369 inquit,

58 2375 75 2425 ,.
89 2366 174 2410 uod
203 2367 360 2419 dicitis,
388 2366 478 2410 nihi
524 2382 576 2410 ue
605 2368 765 2425 gratius
794 2367 929 2421 nobis,
961 2382 1090 2425 quam
1119 2375 1168 2410 ut
1195 2366 1303 2421 talis,
1332 2368 1404 2424 qui
1430 2366 1530 2410 huic

105 2430 216 2468 ctae
245 2431 287 2466 et
316 2423 516 2467 universa
535 2424 544 2433 '
575 2422 663 2467 sedi
694 2430 965 2482 preponatur,
994 2424 1175 2466 inveniri
1205 2423 1362 2481 possit’.

62 2527 64 2531 ‚
161 2480 225 2522 15.
280 2479 359 2522 His
402 2479 546 2531 dictis,
590 2494 736 2523 omnes
780 2494 864 2522 una
907 2494 1012 2523 voce
1054 2479 1275 2523 dixerunt:
1314 2478 1616 2533 ‘Leonem‚(¹1-)

59 2582 63 2589 μ
85 2534 331 2579 ..erabilem
355 2544 524 2580 sanctae
539 2536 755 2579 Romanae
777 2535 952 2580 eclesiae
968 2536 1371 2594 protoscriniarium,
1390 2537 1529 2579 virum

86 2590 328 2650 ·probatum
358 2599 399 2635 et
427 2591 482 2634 ad
511 2606 722 2635 summum
744 2592 967 2635 sacerdotii
987 2592 1166 2659 gradum
1188 2592 1379 2650 dignum,
1407 2592 1531 2636 nobis

75 2671 80 2683 ι
120 2655 332 2705 pastorem
362 2646 569 2714 eligimus,
598 2656 646 2691 ut
674 2663 863 2691 summus
882 2656 925 2692 et
943 2648 1194 2693 universalis
1223 2662 1335 2706 papa
1359 2656 1530 2692 sanctae

64 2718 264 2747 manae
303 2702 492 2758 eclesiae,
530 2702 756 2762 reprobato
802 2704 855 2747 ob
900 2704 1117 2763 improbos
1161 2719 1298 2747 mores
1346 2704 1530 2748 Iohanne

60 2768 94 2830 Ἰ’μ’
114 2761 276 2803 matur!
308 2759 503 2818 Cumque
531 2759 612 2803 hoe
642 2761 765 2804 tertio
795 2775 941 2804 omnes
971 2761 1189 2815 dixissent,
1218 2768 1431 2804 annuente
1455 2761 1528 2803 im-

60 2837 80 2866 ⁸*
100 2852 154 2871 vox
174 2845 247 2871 dem
270 2846 296 2871 1.
319 2845 347 2872 8.
369 2844 418 2871 rel.
499 2845 530 2878 b)
552 2846 621 2871 mod
645 2847 671 2873 1.
752 2846 780 2879 c)
802 2850 955 2873 montrum
978 2847 1004 2873 ¹.

67 2904 87 2954 )
110 2908 190 2943 Non
216 2909 359 2943 fluvium
386 2908 450 2943 sed
476 2909 644 2955 oppidum
672 2909 770 2951 dicit,
797 2909 890 2954 quod
918 2909 1024 2943 hodie
1052 2910 1166 2943 Τίνοὶἰ
1195 2908 1406 2954 appellatur.
