1838 3210
389 250 694 285 LIUDPRANDI
719 250 945 286 LEGATIO.
999 252 1015 283 1
1022 252 1043 284 3
1050 269 1088 276 —
1098 252 1114 283 1
1121 251 1154 286 6.
1467 254 1534 287 143

46 388 49 397 .
110 383 131 401 0.
171 377 364 406 meorum
391 377 517 406 nemo
546 363 720 417 exstitit,
751 363 826 420 qui
854 377 941 406 non
970 362 1120 407 eodem
1150 362 1337 407 ebriatus
1365 375 1533 422 poculo,
1547 377 1614 407 ⁹6⁸.

44 418 163 465 ‚diem
193 417 276 462 sibi
305 417 498 462 ultimum
527 418 748 463 imminere
783 418 1042 463 formidaret.
1100 418 1200 475 Cur,
1238 434 1410 477 quaeso,
1449 437 1535 465 non

45 486 59 506 1‘
83 495 118 527 ·-;
158 482 327 530 otarent,
357 474 514 532 quibus
542 482 633 519 erat
659 481 788 533 potus
817 490 895 533 pro
924 476 1085 533 optimo
1114 476 1215 519 vino
1244 475 1437 534 salsug03
1457 493 1534 535 pro

41 512 225 575 *citra
261 545 348 574 non
381 531 572 586 faenum,
611 545 696 574 non
735 539 942 586 stramen,
980 545 1066 574 non
1102 531 1250 576 saltem
1289 539 1420 588 terra,
1459 534 1534 577 sed

55 601 198 631 mrum
236 600 434 642 marmor,
473 601 552 653 pro
592 586 789 631 cervicali
826 586 964 645 lapis‘?
1005 588 1162 646 quibus
1230 587 1346 632 atula
1383 589 1534 633 domus

42 658 131 687 ιοιι
150 641 346 696 calmem,
375 658 461 686 non
480 642 676 698 imbrem,
705 659 790 687 non
810 643 861 687 fri
925 659 946 686 s
965 644 1150 688 arcebat.
1219 660 1309 703 psa,
1340 645 1376 688 si
1394 645 1533 701 vellet,

39 705 92 754 ᾅὶι
120 714 172 743 us
208 698 274 742 his
314 699 583 754 circumfusa,
623 707 671 743 ut
708 699 838 758 vulgo
893 701 1104 758 oquimur,
1145 715 1218 744 eos
1255 701 1420 746 salvare
1448 717 1534 745 non

45 777 64 802 ,ι
84 762 225 799 ·sset¹.
292 756 471 813 Propi-io
522 771 624 814 ergo
668 763 797 814 atque
840 771 1032 800 meorum
1076 755 1319 802 debilitatus
1360 773 1533 816 angore,

54 818 278 855 onvocato
307 811 363 855 ad
391 826 459 855 me
489 811 679 868 custode,
708 813 839 856 immo
868 820 1139 870 persecutore
1174 828 1284 868 meo,
1324 829 1410 857 non
1439 830 1533 873 pre-

42 867 165 914 u'bus
204 866 354 922 solum,
395 868 470 912 sed
507 869 643 925 pretio
683 867 860 922 obtinui,
899 875 947 911 ut
983 868 1206 926 epistolam
1245 884 1385 914 meam
1419 871 1533 915 hunc

41 944 76 961 ιιι
89 923 219 968 odum
249 925 534 968 continentem
562 924 792 982 Nicephori
820 924 940 968 fratri
969 924 1167 969 deferret:

31 986 39 1023 J
157 980 221 1023 14.
267 979 414 1024 ‘Leoni
434 981 667 1038 coropalati
694 987 737 1024 et
755 980 994 1038 logothetae
1022 985 1072 1025 τῦ
1100 982 1264 1043 δρόμυῖ
1294 983 1532 1041 Liudpran-

36 1039 124 1079 snus
161 1036 402 1094 episcopus.
471 1035 518 1080 Si
557 1037 788 1095 imperator
826 1038 1119 1081 serenissimus
1163 1039 1432 1097 petitionem,
1475 1040 1530 1084 ob

38 1107 169 1136 vmam
197 1093 309 1147 veni,
339 1092 541 1150 perficere
570 1094 741 1150 cogitat,
778 1107 863 1136 non
898 1093 1078 1151 fatigant
1106 1110 1188 1150 me,
1223 1110 1330 1153 quas
1363 1095 1434 1139 hic
1464 1111 1531 1139 su·

36 1148 190 1204 ·ἰι“ι,
225 1149 464 1207 passiones3
499 1148 650 1193 litteris
688 1148 954 1192 solummodo
992 1150 1099 1193 meis
1136 1158 1180 1194 et
1215 1152 1365 1194 nuntio
1395 1158 1444 1195 ut
1470 1153 1530 1195 in-

39 1201 53 1241 ’,
74 1225 84 1242 ι
133 1210 230 1248 atur
266 1205 464 1248 dominus
503 1220 634 1260 meus,
670 1221 738 1248 me
779 1205 849 1248 hic
886 1220 1050 1249 moram
1089 1206 1144 1250 ab
1181 1221 1228 1250 re
1264 1222 1351 1250 non
1378 1207 1530 1252 facere.

36 1260 170 1304 '1¹¹uod
197 1261 235 1305 si
269 1276 394 1305 secus
434 1276 503 1304 res
539 1277 632 1305 sese
661 1262 800 1316 habet,
838 1262 959 1305 navis
997 1269 1087 1306 est⁸¹
1123 1262 1194 1306 hic
1224 1263 1531 1307 Venetieorum

50 1316 246 1372 mex-aria,
276 1318 414 1375 quae*
435 1318 651 1375 proficisci
669 1318 859 1374 festinat3
889 1317 998 1362 hanc
1028 1333 1097 1362 me
1122 1326 1344 1376 aegrotum
1364 1321 1408 1362 in
1439 1320 1531 1364 redi

34 1374 38 1429 J
59 1393 96 1412 ιι
115 1380 164 1429 t,
207 1380 255 1416 ut
295 1374 330 1416 si
374 1373 665 1417 dissolutionis
705 1389 824 1418 meae
868 1382 1036 1432 tempus
1070 1375 1303 1431 advenerit,
1348 1390 1399 1420 ca
1429 1392 1531 1421 aver

28 1443 182 1473 *uum
209 1428 393 1488 genitale
422 1429 570 1475 saltem
599 1430 735 1473 solum
765 1431 995 1488 suscipiat!

35 1528 40 1537 ,
154 1486 218 1531 15.
261 1486 381 1540 Quas
410 1501 509 1529 cum
547 1485 720 1544 legisset
769 1502 814 1531 se
852 1495 951 1544 post
988 1487 1263 1545 quatriduum
1303 1504 1371 1532 me
1407 1490 1530 1533 iussit

35 1542 45 1594 ζ
72 1541 167 1585 '···e.
226 1541 440 1586 Sederunt
468 1557 568 1586 cum
597 1557 647 1586 eo
677 1519 732 1586 ad
761 1543 1111 1600 disceptationem
1146 1551 1345 1600 vestram,
1380 1559 1527 1589 secun-

167 1612 316 1642 eorum
350 1597 633 1651 traditionem,
672 1599 970 1656 sapientissimi
1009 1600 1105 1655 viri,
1141 1598 1286 1644 Attico
1321 1600 1527 1659 pollentes

83 1654 216 1712 oquio,
253 1654 438 1697 Basilius
476 1655 837 1712 parakinumenos
849 1663 878 1710 ⁶,
924 1663 1047 1713 proto
1086 1670 1113 1698 a
1150 1658 1343 1711 secretis,
1388 1665 1527 1724 proto-

19 1710 273 1765 ostiarius,
312 1716 355 1755 et
382 1710 468 1754 duo
498 1711 703 1769 magistri,
743 1726 926 1769 quorum
955 1711 1035 1755 hoc
1064 1712 1144 1755 fuit
1171 1714 1423 1757 narrationis
1452 1715 1527 1756 ini-

19 1776 22 1777 ’
47 1764 160 1818 ιἰιιιιτ
189 1766 321 1822 ‘Quid
336 1781 492 1810 causae
512 1768 578 1822 sit,
609 1782 740 1827 quare
761 1774 802 1811 te
822 1767 906 1811 huc
925 1767 1124 1824 fatigasti,
1154 1768 1296 1824 frater,
1316 1770 1525 1814 edissere’.

35 1821 207 1866 .·uibus
237 1837 336 1867 cum
365 1822 625 1881 parentelae‘
643 1828 794 1880 gratia,
865 1838 945 1867 uae
983 1831 1097 1868 essct
1131 1826 1298 1868 occasio
1337 1827 1526 1870 infinitae

19 1879 25 1930 J
49 1898 78 1915 ιι
119 1878 166 1934 ⁸,
195 1877 420 1934 edicerem,
458 1880 672 1937 inquiunt:
713 1880 835 1923 ‘Inau
867 1881 926 1924 ita
953 1895 1021 1924 res
1051 1888 1127 1935 est,
1156 1888 1204 1925 ut
1232 1882 1524 1940 porphyroge-

23 1935 53 1984 ἧι
67 1934 114 1978 ‘ti
142 1934 518 2002 porphyrogenita,
548 1935 630 1979 hoc
658 1943 723 1981 est
750 1936 792 1978 in
822 1951 1016 1995 purpura
1044 1937 1132 1980 nati
1161 1936 1248 1981 filia
1274 1938 1318 1980 in
1338 1954 1527 1997 purpura

17 1995 50 2027 ·-”ι
70 1997 145 2044 ta,
173 1991 375 2049 gentibus
405 1992 669 2036 misceaturs.
730 1991 889 2036 Verum
910 1993 1012 2050 quia
1031 1999 1118 2036 tam
1138 1993 1415 2038 excellentem
1436 2011 1525 2039 rem

20 2041 52 2093 ’Ῐῖι
71 2047 187 2102 titis,
216 2048 252 2090 si
281 2046 391 2092 datis
419 2047 535 2106 quod
563 2047 700 2103 decet,
729 2049 949 2115 accipietis
980 2050 1095 2107 quod
1125 2049 1246 2105 libet;
1277 2050 1525 2095 Ravennam

18 2113 43 2115 “
82 2102 92 2113 ‘
113 2104 195 2147 'cet
224 2110 266 2147 et
295 2103 474 2147 Romam
504 2118 602 2147 cum
632 2103 697 2148 his
727 2105 925 2149 omnibus
946 2106 1214 2160 continuatis,
1246 2122 1355 2164 quae
1383 2108 1438 2152 ab
1459 2107 1525 2151 his

25 2215 27 2218 Α
67 2165 134 2204 ··t
170 2174 306 2226 usque
342 2159 399 2203 ad
438 2175 530 2203 nos.
598 2159 646 2204 Si
684 2176 785 2204 vero
829 2161 1060 2205 amicitiam
1103 2162 1266 2220 absque
1310 2162 1526 2221 parentela

17 2215 303 2276 *5¹3iderat1s‚
351 2215 532 2259 Romam
569 2215 745 2261 liberam
786 2232 878 2260 csse
917 2216 1116 2261 dominus
1154 2225 1253 2262 tuus
1292 2220 1525 2286 permittat,

18 2287 30 2326 ,j
48 2271 249 2330 ·rincipes
275 2278 415 2316 autem
462 2272 717 2331 Capuanum
748 2272 911 2317 scilicet
934 2281 977 2317 ct
995 2273 1360 2331 Beneventanum,
1389 2285 1525 2320 sancti

22 2329 168 2372 ·ostri
197 2328 364 2386 imperii
394 2305 493 2371 olim
529 2343 687 2383 servos,
722 2344 835 2372 nunc
870 2328 1061 2386 rebelles,
1099 2331 1291 2375 servituti
1320 2332 1524 2390 pristinae

16 2387 30 2411 ²⁴
80 2405 85 2422 ι
107 2404 115 2422 ι
137 2386 196 2429 xt’,

148 2441 211 2484 16.
262 2440 432 2495 Quibus
484 2441 734 2484 ‘Dominum
779 2443 955 2496 meum’,
1006 2442 1200 2501 inquam,
1251 2445 1524 2502 ‘potentiores

29 2533 63 2578 ,)
84 2540 115 2565 ‘⁸
136 2538 164 2564 ‘3-
246 2537 278 2571 b)
300 2538 507 2571 θΜῐΙΐίυιιιο
528 2539 557 2565 C.
637 2539 666 2571 e)
688 2538 974 2572 paracknoumcno·
996 2538 1024 2565 0.

58 2622 74 2667 )
99 2624 181 2659 Ter.
208 2624 276 2659 Ad.
296 2625 358 2667 IV,
387 2626 420 2669 7,
447 2626 514 2660 ⁴8:
541 2627 620 2671 ipss
645 2628 676 2661 si
704 2628 825 2672 cupiat
850 2626 966 2669 Salus,
989 2624 996 2673 Ι
1018 2627 1169 2663 Servare
1196 2638 1339 2673 prorsus
1364 2639 1435 2663 non
1461 2640 1523 2674 po-

21 2715 37 2722 ,Ἴ
59 2697 62 2699 Α
129 2673 220 2707 hanc
246 2673 430 2710 familiam.
507 2674 546 2719 2)
565 2675 769 2720 Logotheta
794 2671 934 2723 δρόμου
961 2676 1141 2712 Iohannes
1159 2678 1332 2712 zimisces
1358 2678 1435 2719 fnit,
1460 2678 1524 2711 Ni·

30 2738 47 2756 ·.-
65 2720 179 2767 pheri
197 2733 392 2766 succensor,
411 2723 456 2759 de
475 2735 546 2769 quo
563 2725 741 2760 Zonaras:
772 2722 835 2771 τῆς
852 2724 1099 2772 στρατιωτικῆς
1117 2722 1232 2772 ἀρχῆς
1248 2723 1391 2768 παύσας
1413 2722 1523 2760 αὐτὸν

84 2771 291 2817 icephorus)
317 2773 367 2815 εἰς
391 2771 569 2821 πολιτικὴν
594 2771 803 2819 μετατίθησι
822 2771 1018 2821 λογοθέτην
1043 2773 1105 2809 τοῦ
1135 2772 1274 2822 δρόμου
1297 2774 1333 2809 0.
1411 2774 1521 2818 2)1‹:x

26 2821 256 2855 ‘costantini
280 2823 456 2858 sententia
473 2822 642 2858 Romanis
668 2822 941 2868 imperatoribus
967 2822 1071 2858 licuit
1093 2834 1171 2858 cum
1190 2824 1410 2858 Francorum
1428 2825 1520 2868 regi-

24 2875 95 2904 *na
122 2870 344 2904 matrimonia
370 2871 459 2906 inire
485 2877 630 2917 propter
654 2873 837 2917 antiquam
863 2873 1022 2916 gentium
1044 2872 1183 2907 illarum
1203 2872 1424 2908 nobilitatem
1442 2872 1516 2918 (Do

26 2915 27 2918 ’
53 2917 164 2954 dmin.
191 2920 275 2964 imp.
303 2930 335 2954 c.
365 2920 407 2954 18
434 2932 468 2966 p.
496 2921 572 2966 86).
