1838 3210
240 351 306 377 ΘΗ.

229 391 304 422 Apr.

175 1345 186 1358 ‘
198 1355 228 1381 p.
242 1347 309 1374 298.

146 1567 157 1579 ‘
166 1571 186 1597 ί.
199 1578 225 1597 e.
240 1577 310 1603 pro·

178 1610 289 1638 vocati.

239 1792 310 1828 (14.)

322 228 365 260 46
515 222 816 258 LIUDPRANDI
843 218 1190 255 ANTAPODOSIS.
1241 217 1337 252 Lm.
1362 218 1412 251 11.
1462 215 1620 251 48-51.
1657 238 1665 244 -

320 336 583 395 pontificium
623 347 841 390 usurpare.
910 331 1005 374 Hoc
1048 330 1180 386 igitur
1227 336 1470 372 sanctorum
1518 325 1710 385 apostolo
1744 346 1793 363 ···

319 394 457 437 taliter
476 391 636 433 vicario
657 390 899 441 constituto,
930 387 1075 440 Poeni,
1106 393 1153 428 ut
1172 384 1362 442 prefatus
1381 398 1491 439 sum,
1510 382 1713 428 Beneven
1775 404 1793 418 ..

320 451 618 503 Romanasque
648 446 775 488 urbes
807 444 986 486 misere·
1016 441 1244 483 laniabant.

431 506 500 547 49.
561 501 756 544 Acciditb
814 501 995 551 interea,
1051 498 1293 540 Poenorum
1347 495 1561 554 quendam
1607 494 1793 538 iuvem·

320 561 483 604 iniuriis
536 558 799 600 lacesscitum
853 556 1019 597 Poenos
1072 553 1267 595 deserere
1324 551 1527 618 huncque
1574 550 1698 594 10·.·
1721 573 1727 587 ·
1749 570 1794 587 2¹12

320 631 475 675 papam
511 613 723 665 advenire,
767 626 898 668 seque
928 609 1073 652 divino
1112 616 1271 652 tactum
1301 609 1531 665 spiramine
1564 620 1722 665 papam
1748 616 1805 648 ι·’

322 671 587 716 convenisse:
619 668 841 710 ‘Sacerdos
861 682 1029 723 magne,
1058 665 1095 707 si
1115 679 1300 722 saperes,
1329 663 1537 721 populum
1566 669 1797 728 verramqu

320 728 398 771 tibi
419 726 653 769 subiectam
675 725 840 766 Poenos
869 730 955 765 tam
985 721 1172 778 graviter
1200 720 1359 763 laniare
1379 734 1465 763 non
1484 720 1656 763 sineres.
1763 736 1776 769 ¹.

320 785 450 841 igitur
488 783 662 824 iuvenes
700 780 831 822 nimia
860 778 981 835 quasi
1010 776 1243 820 mobilitate
1272 776 1504 833 volipedes,
1534 775 1609 833 qui
1636 788 1705 817 me
1761 793 1781 810 ιι

321 845 570 897 peratorem,
586 850 711 934 prece
745 843 892 888 torem,
907 834 1128 877 dominum
1143 831 1624 890 equanimiteraudiant.
1642 829 1714 873 Ho
1748 849 1754 866 ι
1779 850 1784 865 ·

321 895 531 938 neminem
568 893 698 957 aiqui
767 897 908 948 preter
946 889 1135 946 singulas
1171 902 1342 945 parmas
1386 885 1662 944 singulosque
1699 883 1800 943 ΡίῙί
1837 908 1838 924 1

321 964 526 1007 ensesque
556 947 757 1012 smgulos,
787 961 839 989 ae
867 945 1082 1003 simplices
1103 952 1241 988 vestes
1273 959 1371 987 cum
1392 944 1626 1002 exiguitate
1645 939 1741 985 ob
1763 962 1798 978 ι·

319 1006 475 1050 habere
504 1006 728 1061 pernutto’.

432 1062 529 1104 50.ο
572 1059 655 1102 LX
698 1059 883 1115 denique
926 1056 1168 1099 huiusmodi
1211 1057 1394 1098 inventis
1433 1053 1603 1112 sibique
1630 1051 1774 1097 tradi-⁰
1837 1031 1838 1046 ³

321 1120 459 1162 Penos
490 1123 636 1158 contra
662 1120 874 1180 properat,
903 1113 1110 1170 latuitque
1140 1126 1263 1155 secus
1289 1116 1507 1177 angustas,
1536 1124 1624 1168 qua
1650 1109 1786 1152 Poen·
1833 1115 1837 1138 ‘

321 1174 445 1217 rumd
476 1173 557 1215 iter
586 1177 687 1224 erat,
718 1185 822 1212 vias.
881 1168 1078 1226 Cumque
1109 1169 1389 1211 circumcirca
1417 1167 1562 1224 sepius
1589 1171 1634 1210 et
1658 1165 1720 1208 it.
1749 1181 1798 1200 m·

321 1229 453 1273 Poeni
492 1227 798 1284 depopulantes
826 1225 1034 1280 redirent,
1075 1224 1169 1267 elan
1203 1238 1275 1266 ore
1305 1238 1404 1266 cum
1433 1223 1624 1266 maximo
1651 1235 1710 1265 ex
1765 1240 1805 1274 ...-

322 1286 497 1343 provisu
525 1291 570 1326 at
602 1298 655 1325 ue
684 1283 899 1339 insperato
928 1282 972 1324 hi
992 1296 1048 1324 ex
1077 1239 1242 1323 insifiis
1271 1278 1538 1337 prosilientes
1549 1286 1582 1334 ⁰,
1610 1291 1685 1322 eos
1711 1275 1746 1319 l·
1782 1275 1794 1287 ‘

323 1349 388 1384 ter
426 1339 592 1383 trucida
623 1346 708 1381 ant.
768 1337 940 1380 Clamor
975 1352 1030 1380 ex
1069 1352 1162 1391 ore,
1203 1337 1402 1401 ictusque
1441 1334 1568 1378 simul
1595 1348 1624 1377 a
1650 1336 1670 1358 *
1693 1353 1714 1370 ι·
1735 1352 1739 1369 ³
1764 1353 1797 1369 a·

323 1402 627 1454 processerant.
684 1393 834 1451 Neque
871 1394 983 1436 enim
1023 1393 1174 1446 Poeni,
1246 1407 1290 1434 u1
1330 1390 1486 1449 quidve
1523 1397 1637 1434 esset
1693 1389 1778 1447 pri·

324 1453 431 1495 scire
460 1457 675 1508 poterant,
745 1464 843 1491 uam
886 1451 1064 1493 istorum
1096 1449 1218 1505 spicu
1236 1463 1263 1490 a
1290 1447 1443 1491 horum
1472 1422 1722 1512 corporibus
1778 1466 1799 1481 ιΚ

322 1509 528 1551 hererent.
586 1507 681 1548 Hac
750 1507 818 1548 eni
850 1521 904 1548 ue
939 1505 1053 1547 fama
1079 1505 1248 1561 hocque
1277 1504 1482 1547 exercitio
1514 1501 1707 1546 nonnulh
1748 1505 1758 1518 ⁸
1782 1520 1788 1537 ·

323 1578 547 1606 manorum
583 1562 756 1615 acciti*,
799 1578 826 1627 p
845 1562 993 1604 urimis
1031 1562 1198 1603 Poenos
1241 1560 1287 1602 in
1326 1560 1433 1603 loeis
1474 1565 1800 1616 prosu-aversa

323 1619 475 1662 callido
507 1634 561 1661 ue
604 1618 684 1660 hoc
727 1617 917 1660 Afncani
961 1616 1136 1660 consilio
1179 1617 1343 1670 adtriti,
1387 1615 1579 1659 civitates
1618 1627 1793 1672 poem-r

322 1683 449 1733 rupto
498 1674 650 1717 oedere
680 1673 944 1727 deserebant,
975 1673 1198 1729 solumque
1220 1671 1497 1716 Garelianum
1524 1676 1715 1714 montem
1732 1669 1788 1714 si·

324 1746 402 1789 pro
431 1730 665 1773 munitione
695 1729 951 1787 delegerant.
1801 1775 1803 1778 ¹

436 1787 504 1830 51.
547 1786 735 1828 Iohanne
771 1787 936 1843 itaque,
976 1792 1025 1827 ut
1052 1783 1205 1841 prefati
1234 1799 1396 1839 sumus,
1431 1797 1547 1841 papa
1574 1782 1759 1826 constitu
1787 1802 1792 1818 ι

324 1842 555 1885 Landolfus
583 1841 770 1898 quidam,
798 1843 865 1884 vir
893 1848 1090 1884 strenuus
1108 1840 1405 1898 bellorumque
1428 1838 1632 1884 exercitio
1651 1837 1699 1881 d
1718 1856 1737 1874 ι·
1762 1857 1768 1874 ι

322 1899 718 1941 Beneventanorum
748 1905 790 1940 et
810 1897 1113 1954 capuanorum
1143 1898 1333 1939 omnium
1361 1896 1561 1962 princeps
1588 1892 1778 1938 clarebat
1799 1939 1801 1942 ,

324 1955 479 1997 Poenis
506 1954 638 2010 igitur
657 1959 813 1996 statum
842 1954 903 1996 rei
933 1952 1130 2010 publicae
1150 1967 1236 1995 non
1259 1951 1532 1996 medlocriter
1557 1948 1757 1994 labefacn·
1783 1971 1787 1986 ι

323 2010 450 2064 tibus,
478 2009 734 2051 Landolfum
768 2010 881 2052 hunc
917 2010 1156 2066 principem
1194 2024 1217 2051 e
1272 2009 1436 2066 egium,
1475 2005 1580 2065 quid
1614 2020 1744 2064 snper

323 2064 640 2108 huiusscemodi
669 2079 798 2123 quam
826 2064 1017 2107 Africani
1052 2072 1198 2121 agunt,
1260 2064 1448 2108 ohannes
1475 2061 1664 2107 consulit
1688 2075 1766 2119 pa·
1799 2070 1802 2073 '

325 2121 454 2175 Quod
481 2122 628 2179 prince
661 2135 681 2163 s
707 2128 756 2164 ut
782 2120 966 2174 audivit,
1003 2135 1162 2177 papam
1199 2135 1278 2178 per
1313 2120 1596 2164 internuntios
1629 2117 1691 2161 ita
1718 2131 1793 2170 00⁴,

323 2178 461 2220 venit:
501 2177 598 2220 ‘Res
657 2191 751 2231 aec,
792 2176 991 2234 spiritalis
1059 2183 1172 2231 ater,
1210 2177 1378 2233 magnis
1417 2181 1484 2219 est
1520 2174 1797 2230 investigati

326 2231 525 2277 consiliis.
582 2233 738 2276 Mittito
777 2233 962 2290 denique
998 2191 1056 2275 ag
1081 2232 1299 2289 Argorum
1339 2233 1656 2289 imperatorem,
1693 2242 1805 2283 cmo*⁴¹

326 2296 367 2333 et
395 2289 479 2346 ipsi
507 2302 601 2331 eam
631 2303 740 2345 quae
771 2290 832 2332 cis
860 2303 976 2331 mare
1006 2295 1072 2332 est
1098 2296 1269 2342 terram,
1298 2289 1411 2331 sieut
1439 2293 1482 2331 et
1507 2292 1710 2340 nostram,
1744 2285 1802 2344 d·4

324 2344 532 2402 populare
569 2359 655 2386 non
692 2352 871 2387 cessant.
936 2343 1186 2387 Camerinos
1229 2344 1357 2387 etiam
1399 2358 1427 2386 a
1473 2358 1530 2386 ue
1571 2339 1796 2399 Spoletin'

324 2405 517 2443 nostrum
551 2400 607 2442 ad
650 2400 857 2442 auxilium
899 2401 1096 2453 invitat03
1140 2401 1410 2458 iniamusque
1482 2413 1534 2442 eo
1574 2402 1798 2456 protecto

326 2470 426 2499 cum
462 2455 529 2498 his
564 2456 717 2499 acriter
748 2455 921 2499 bellum.
981 2456 1028 2499 Si
1055 2457 1288 2507 vincimus,
1325 2470 1413 2498 non
1450 2452 1713 2499 multitudini
1747 2473 1781 2491 ει

326 2511 407 2555 deo
435 2511 617 2554 victoria
643 2512 898 2568 imputetur3
938 2512 974 2554 si
1002 2527 1105 2554 vero
1135 2512 1317 2555 vicerint
1343 2511 1491 2566 Poeni,
1518 2509 1709 2569 peccatis
1741 2523 1788 2552 n·

326 2567 423 2612 stris
451 2572 494 2610 et
519 2582 606 2610 non
633 2566 847 2610 inherciae
876 2566 1125 2624 deputetur’.

326 2675 357 2710 a)
386 2676 533 2703 miserere
562 2677 588 2703 1.
705 2674 737 2708 b)
766 2674 870 2702 Acidit
900 2678 925 2702 1.
1048 2675 1076 2710 c)
1106 2677 1156 2702 hoc
1184 2681 1269 2710 caput
1299 2677 1330 2703 in
1358 2676 1450 2702 codice
1481 2677 1495 2702 1
1527 2683 1587 2703 rum
1613 2674 1711 2701 dixin
1746 2674 1753 2680 '

326 2714 359 2749 d)
380 2722 570 2748 poenoomm
593 2716 619 2741 1.
701 2714 731 2747 e)
753 2716 942 2747 prosilientis
965 2717 991 2742 1.

329 2813 367 2858 1)
394 2813 450 2849 cf.
476 2815 567 2848 Ann-
603 2814 799 2848 Benevent.
825 2814 914 2847 915:
950 2815 1019 2848 hoc
1053 2827 1146 2849 anno
1182 2816 1319 2861 expulsi
1354 2816 1543 2850 sarraceni
1575 2825 1599 2848 a
1632 2813 1677 2849 G
1734 2813 1744 2822 '

325 2873 391 2908 per
415 2863 568 2897 eundem
593 2862 808 2897 Landolfum
833 2864 1042 2908 principem.

1833 1092 1835 1113 l

1832 1144 1837 1187 z

1831 1204 1835 1246 ι

1830 1282 1835 1351 ἱ

1829 1512 1833 1521 ⁴
