1838 3210
350 242 414 274 112
540 239 845 274 LIUDPRANDI
872 237 1217 273 ANTAPODOSIS.
1269 238 1365 273 LIB.
1398 239 1442 273 V.
1494 238 1654 274 22-28.

262 360 382 395 suaet
412 351 608 395 Stefanus
638 349 890 393 invitabunt.
950 351 1145 408 Cumque
1174 357 1271 394 tuae
1309 350 1509 394 sessionis
1538 349 1728 395 medinm
1765 372 1789 388 ιι

340 406 531 451 ellentiae
570 415 655 460 tue,
695 414 903 463 quatenus
943 406 1072 448 moris
1112 414 1188 460 est,
1228 405 1419 449 obtinere
1458 405 1699 464 temptabis,
1747 428 1755 444 ο

340 477 465 507 cusso
494 478 596 505 mox
626 471 757 515 scut0,
789 461 940 504 inclusi
970 461 1024 504 de
1053 460 1252 505 cubiculo
1283 461 1470 516 exilient,
1500 468 1705 520 tuamque
1761 483 1767 498 ν
1815 519 1818 520 ⁷

339 519 543 575 sanguine
572 519 705 561 vitam
734 518 893 560 finient.
938 517 1089 560 Fidem
1118 525 1261 561 autem
1299 518 1335 560 si
1363 516 1506 562 relatis
1535 518 1748 576 exposcis,
1777 518 1818 531 ’

338 575 690 631 inpresentiarum
733 574 993 630 argumentis
1041 573 1233 628 adfirmo,
1282 574 1485 631 quoniam
1532 572 1820 622 conclu-221

339 630 415 674 tibi
446 645 648 687 personas
678 630 795 672 rimis
825 630 1019 683 ostendo;
1050 628 1151 672 dein
1180 629 1296 687 quod
1325 629 1453 673 saluti
1481 628 1745 688 solempnius
1773 651 1781 666 2

338 695 448 739 tuae,
478 686 710 728 hostiorum
740 685 819 728 tibi
849 684 991 728 claves
1020 685 1166 728 trado'.
1224 685 1306 728 His
1325 685 1484 729 auditis
1505 685 1774 730 Constantia·

338 741 468 797 ‘Age',
499 742 602 796 infit,
643 747 704 784 ‘ut
732 741 1046 783 coniuratorum
1085 741 1309 798 prodidisti
1376 741 1581 798 effidim,
1618 748 1793 800 quaten·

339 797 445 840 hanc
476 799 711 851 devincam,
749 812 954 854 exprome
983 798 1248 840 sententiam.
1355 812 1411 840 on
1448 798 1563 841 enim
1601 798 1706 842 mihi
1766 804 1810 854 2<

338 868 432 896 mea
460 853 572 895 salus
603 868 712 907 cara,
744 868 871 910 quam
899 854 1035 911 pietas
1056 854 1135 896 erit
1154 854 1198 895 in
1218 853 1440 897 referenda
1536 854 1598 898 tia
1615 854 1704 899 iuc
1729 876 1735 891 ·
1756 874 1763 891 ·

339 908 420 952 Cui
450 908 724 951 Diavolinus:
760 909 894 963 ‘Non’‚
924 910 1074 966 inquit,
1105 909 1228 953 ‘clam
1257 917 1299 953 te
1328 917 1405 966 est,
1542 909 1702 954 odones
1729 924 1754 954 e
1797 923 1810 947 ⁶·

338 964 414 1007 tibi
453 964 642 1018 devotos,
682 972 772 1007 tum
809 964 919 1008 bello
957 965 1085 1008 duros
1125 967 1330 1019 existere3
1380 966 1536 1010 mittito
1574 966 1634 1010 ita
1664 980 1731 1022 ue,
1784 972 1812 1020 ι(

336 1020 558 1063 cubicula⁸
588 1022 774 1077 propria,
815 1021 989 1064 Stefano
1029 1029 1071 1064 et
1110 1022 1387 1065 Constantino
1425 1022 1640 1080 ignoranti
1671 1036 1736 1077 us,
1774 1025 1816 1074 -.·j{

337 1076 624 1119 suffarcinato,
703 1076 899 1134 Cumque
953 1077 1174 1133 designata
1221 1078 1312 1121 dies
1361 1078 1549 1122 convivii
1594 1078 1753 1123 adven
1783 1078 1838 1108 ’κ

335 1139 463 1188 atque
494 1131 548 1174 ob
580 1133 778 1175 sessionis
806 1133 963 1176 fastum
992 1133 1182 1176 simultas
1222 1135 1459 1192 inrepserit,
1488 1133 1588 1178 dato
1626 1134 1749 1192 signo
1790 1157 1810 1184 ι,

336 1187 523 1244 prefatus
554 1204 661 1243 sum,
702 1203 906 1246 percusso
937 1188 1100 1232 scilicet
1139 1198 1274 1244 scuto,
1325 1204 1424 1233 cum
1466 1188 1637 1234 illorum
1673 1201 1835 1244 manj

335 1251 592 1286 armatorum
622 1245 808 1301 presidio
838 1246 897 1288 eis
927 1261 1019 1288 esse
1048 1260 1134 1288 non
1162 1246 1331 1303 poterit,
1366 1247 1429 1289 tui
1466 1260 1571 1290 mox
1600 1261 1658 1291 ex
1683 1247 1759 1305 inp
1793 1249 1808 1284 ··'

335 1300 428 1341 viso
458 1299 714 1356 prosiliantb,
745 1316 900 1358 eosque
930 1308 1046 1344 tanto
1077 1302 1343 1345 commodius
1383 1309 1542 1360 quanto
1569 1302 1696 1360 insp
1724 1324 1728 1339 ι
1752 1303 1802 1354 ’7
1833 1305 1834 1308 ’

337 1356 518 1411 capiant,
563 1363 691 1413 atque
731 1356 786 1399 ad
824 1358 1011 1399 vicinum
1051 1359 1369 1410 monasterium,
1412 1358 1470 1402 ad
1505 1357 1623 1416 quod
1659 1374 1703 1417 p
1729 1380 1739 1397 ι
1767 1381 1798 1396 ·-,
1832 1403 1835 1411 ,

335 1426 471 1465 suum,
500 1426 693 1454 socerum
724 1412 886 1455 scilicet
906 1420 1040 1468 tuum,
1070 1414 1326 1470 direxerant,
1356 1415 1502 1469 tonsis,
1530 1422 1579 1459 ut
1596 1416 1728 1459 moris
1756 1436 1786 1453 -‚,‚
1831 1414 1837 1437 ¹

336 1466 536 1522 crinibus,
573 1467 976 1525 phylosophandum
1013 1471 1313 1516 transmittant.
1386 1470 1572 1515 Divinae
1613 1471 1796 1530 siquid
1831 1472 1837 1536 Ξ

335 1523 545 1566 rectitudo
573 1525 731 1566 iustitie
762 1532 882 1567 tuum
910 1526 1129 1581 negotium
1161 1526 1428 1581 secundabit,
1454 1527 1579 1570 cuius
1596 1541 1746 1571 recon-
1764 1548 1775 1565 2
1831 1537 1836 1548 '

335 1579 481 1633 satioc,
511 1594 564 1622 ne
594 1580 638 1621 in
668 1586 833 1636 patrem
871 1590 1112 1637 peccarent,
1149 1582 1244 1625 illos
1281 1598 1368 1626 non
1404 1584 1568 1638 terruit,
1605 1589 1650 1626 et
1676 1590 1733 1637 te,
1782 1598 1803 1644 ιζ

335 1634 584 1690 offenderes,
615 1636 865 1679 custodivit’.
924 1638 1050 1691 Quod
1079 1639 1190 1681 iusto
1221 1638 1290 1682 dei
1346 1638 1497 1683 iuditio
1525 1639 1587 1683 ita
1604 1640 1801 1683 aeci·

334 1704 420 1732 non
449 1690 587 1733 solum
615 1691 803 1749 Europa,
834 1693 910 1735 sed
940 1701 983 1736 et
1010 1695 1116 1737 Asia
1144 1709 1259 1738 nunc
1289 1702 1432 1738 cantat
1459 1702 1503 1739 et
1529 1694 1691 1738 Afi-ica.
1755 1699 1772 1733 Ι

334 1746 498 1803 signato
529 1748 683 1790 etenim
713 1748 795 1802 die,
835 1749 937 1791 dum
972 1750 1171 1793 simulata
1239 1765 1314 1794 ace
1351 1751 1681 1795 Constantinum
1708 1750 1755 1794 h·
1780 1776 1802 1807 ῃ

335 1802 532 1845 stefanus
569 1810 610 1845 et
646 1803 950 1847 Constantinus
988 1806 1138 1850 fratres
1174 1822 1200 1849 a
1268 1808 1515 1851 convivium
1552 1807 1787 1852 invitarent

334 1863 375 1900 et
404 1859 459 1901 ob
489 1859 686 1902 sessionis
716 1859 871 1903 fastum
900 1861 1106 1905 tumultus
1140 1864 1391 1920 insurgeret,
1429 1877 1635 1921 percusso
1662 1870 1712 1907 ut
1747 1862 1796 1901 ·''

333 1920 423 1956 tum
451 1921 515 1956 est
543 1922 676 1969 scuto,
705 1916 964 1959 Macedones
983 1919 1196 1975 insperato
1216 1926 1438 1976 proruunt,
1466 1918 1660 1978 duosque
1689 1940 1697 1958 ι
1724 1940 1728 1955 2
1753 1942 1763 1956 *-
1795 1953 1797 1955 -

334 1969 555 2012 stefanum
584 1979 626 2014 et
656 1971 983 2015 Constantinum
1022 1989 1150 2031 quam
1186 1990 1290 2018 mox
1318 1975 1644 2033 conprehensos,
1681 1981 1796 2019 tom*

333 2026 484 2082 capite,
532 2027 587 2068 ad
634 2028 817 2071 vicinam
865 2029 1047 2072 insulam
1059 2031 1092 2085 ⁴¹,
1141 2031 1543 2089 phylosophandum
1589 2031 1647 2074 ad
1693 2045 1798 2089 q

333 2088 498 2138 patrem
527 2082 784 2138 direxerant,
813 2086 986 2128 mittunt
998 2093 1027 2127 ².
1790 2087 1797 2144 'v

250 2162 321 2197 (11.)
445 2150 513 2193 23.
557 2151 750 2204 Quorum
779 2161 900 2209 pater
928 2154 1144 2197 Romanos
1180 2155 1411 2199 adventum
1438 2163 1488 2199 ut
1513 2156 1691 2212 audivit,
1736 2176 1748 2209 2
1777 2163 1781 2166 ’

187 2224 239 2260 η».
253 2227 319 2254 334,
334 2205 495 2247 ciarum
523 2207 721 2251 acciones
751 2209 830 2252 deo
861 2210 1038 2264 exibuit,
1070 2212 1238 2268 *eisque
1277 2219 1399 2255 extra
1430 2212 1543 2256 fores
1578 2226 1728 2256 monas
1755 2233 1788 2250 ω
1830 2264 1832 2267 ,

334 2259 511 2303 obvians
540 2262 651 2305 laeta
679 2264 800 2307 fatie:
831 2266 1064 2308 ‘Festivum
1093 2270 1288 2324 tempus',
1317 2270 1469 2326 inquit,
1498 2269 1629 2327 ‘quod
1655 2268 1704 2312 h
1728 2287 1749 2306 n
1774 2282 1778 2304 ἰ
1829 2286 1832 2318 ;

332 2322 462 2359 tatem
504 2324 692 2361 nostram
735 2321 966 2378 imperium
1004 2329 1195 2365 vestrum
1238 2325 1410 2368 visitare
1448 2325 1598 2383 coegit.
1656 2323 1707 2368 C
1744 2324 1756 2334 ⁶
1829 2322 1832 2376 ζ

332 2379 448 2470 guto,
479 2388 561 2430 que
590 2374 643 2417 de
672 2390 740 2417 me
769 2375 935 2433 palacio
965 2378 1141 2435 expulit,
1171 2379 1425 2423 filiacionem
1444 2387 1630 2424 vestram
1657 2394 1744 2423 non
1763 2380 1775 2391 ⁶
1829 2423 1832 2436 ,

362 2429 407 2469 iu
437 2443 530 2471 esse
559 2431 763 2487 permisit.
823 2432 861 2475 O
891 2433 1050 2476 factum
1080 2435 1200 2490 bene,
1245 2436 1361 2493 quod
1394 2450 1463 2479 me
1499 2450 1630 2495 quam
1656 2434 1786 2480 dud·
1828 2481 1831 2489 ἶ

330 2485 596 2539 premisistis.
655 2485 899 2531 Confi-atres
929 2490 1040 2532 enim
1071 2498 1113 2533 et
1142 2491 1449 2535 commilitones
1476 2494 1574 2547 mei,
1609 2506 1682 2535 su
1702 2512 1712 2530 ;
1753 2514 1784 2544 ..ι
1828 2497 1832 2548 ;

330 2544 495 2582 tantum
523 2540 819 2599 phylosophye
847 2545 1140 2601 incunbentes,
1176 2547 1357 2605 qualiter
1371 2548 1662 2606 ‘imperatores
1698 2558 1786 2605 ²⁸¹4,
1828 2549 1832 2593 i

330 2602 491 2651 perent,
520 2598 776 2652 ignorarent,
815 2601 851 2641 si
887 2615 974 2643 non
1009 2617 1076 2645 me
1113 2604 1198 2645 iam
1236 2603 1399 2646 dudum
1436 2603 1742 2661 imperialibus·
1781 2655 1786 2660 ,
1827 2595 1831 2627 ¹

1830 2205 1832 2212 v
1829 2078 1834 2184 ,<,.-..—
1830 2023 1834 2046 ..-
1830 1966 1834 1986 -
1829 1862 1834 1932 ...Μ
1830 1798 1835 1830 u-
1829 1627 1835 1769 *4-021-.*
1830 1566 1837 1596 ...-

329 2701 360 2737 a)
383 2703 499 2731 cubilis
520 2706 574 2732 5⁸.
616 2705 648 2740 b)
667 2707 837 2740 proxfflant
855 2711 881 2735 1.
925 2709 952 2742 e)
968 2713 1248 2743 reconpensatione
1272 2714 1297 2739 1.
1346 2712 1378 2747 d)
1399 2714 1534 2740 insolam
1545 2720 1625 2742 ωη.

331 2789 370 2834 1)
396 2792 615 2836 Stephanum
642 2798 678 2828 et
704 2795 976 2831 Constantinum
1002 2809 1146 2832 mensae
1173 2800 1426 2834 accumbentes
1445 2800 1721 2846 comprehensos
1737 2795 1819 2842 «ἡ

329 2843 366 2874 et
390 2845 554 2876 auctores
578 2843 770 2886 Byzantini
803 2850 840 2880 et
864 2847 1041 2881 Iohannes
1077 2849 1248 2882 diaconus
1277 2849 1433 2884 tradunt.
1534 2846 1574 2895 2)
1598 2850 1756 2895 Primum
1778 2847 1819 2887 {fi

327 2888 458 2924 Proten
483 2890 636 2926 insulam
660 2897 734 2927 tum
759 2894 851 2929 alius
877 2896 914 2928 in
939 2895 1046 2929 aliam
1071 2897 1237 2931 translati
1262 2903 1354 2932 sunt.
1784 2895 1817 2926 “it
