1838 3210
250 348 318 376 988.

191 521 264 548 Dee.
290 522 317 550 6.

249 627 315 654 964.

198 1245 267 1272 Ian.
290 1245 316 1273 3.

1799 0 1833 168 ἒ

1812 167 1831 198 ᾇ

338 226 403 258 134
593 224 894 259 LIUDPRANDI
923 223 1152 258 fflsromA
1180 222 1398 258 o'r‘roms.
1456 222 1611 260 16-19.

1813 305 1831 332 ε

364 342 538 389 oratore,
568 337 830 379 nominatum
850 335 1035 377 Leonem
1065 334 1120 376 ad
1140 334 1424 378 Laterancnse
1444 333 1649 392 palatium
1668 336 1831 397 secans}

364 407 436 435 um
467 391 812 435 consuetudinem
844 405 938 432 cum
976 390 1172 433 laudibus
1200 390 1374 442 ducunt,
1412 397 1454 434 et
1481 398 1596 435 certo
1624 398 1830 452 tempore?

332 449 377 490 in
407 447 559 491 eclesia
588 449 721 491 sancti
750 447 864 490 Petri
894 446 949 488 ad
979 461 1194 489 summum
1231 447 1514 490 sacerdotium
1542 455 1690 492 sancta
1717 464 1819 498 cone

331 505 564 548 secretione
594 502 800 553 attollunt,
840 510 881 545 et
918 502 1062 546 fideles
1100 503 1140 546 ei
1168 502 1390 546 adfuturos
1420 503 1690 549 iureiurando
1719 519 1831 564 pror

331 561 513 603 mittunt.
1823 606 1825 608 ,

447 618 510 659 16.
555 615 636 657 His
666 616 724 658 ita
753 615 896 672 gestis,
927 628 1101 671 sperans
1131 615 1419 658 sanctissimus
1447 616 1690 673 imperator,
1719 615 1831 673 cums,

332 673 480 728 paucis
509 671 669 714 Romae
708 686 752 714 se
791 671 945 727 degere
980 685 1119 727 posse,
1159 686 1212 713 ne
1247 679 1565 715 consumeretur
1597 672 1831 728 Romanus„¹

332 726 516 784 populus
546 726 599 769 ob
626 726 936 770 multitudinem
957 727 1183 781 exercitus,
1212 726 1368 781 multis,
1397 734 1444 771 ut
1462 728 1660 785 redirent,
1689 729 1831 782 licon-‘5⁴

330 784 433 825 tiam
478 783 607 826 dedit.
679 783 876 839 Cumque
914 782 994 825 hoc
1034 782 1256 836 Iohannes,
1301 784 1374 840 qui
1413 782 1551 827 dictus
1588 791 1654 828 est
1689 799 1832 845 1³89&ss

333 846 619 895 cognosceret,
649 853 734 881 non
763 840 976 895 ignorans,
1016 854 1145 896 quam
1183 838 1307 882 facile
1337 840 1624 884 Romanorum
1652 846 1754 886 men
1811 841 1833 898 J‘}

363 895 513 938 ecunia
555 903 698 952 posset
741 909 1024 952 corrumpere,
1075 894 1182 937 clam
1231 895 1411 938 Romam
1458 897 1587 940 mittit
1632 897 1755 942 nunti
1807 902 1813 924 f

330 910 445 994 {eati
464 952 581 994 Petri
611 952 885 1008 omniumque
915 951 1164 994 eclesiarum
1223 952 1417 995 ecuniam
1441 954 1752 1011 repromittens,

331 1021 459 1064 super
473 1008 593 1064 pium
609 1008 906 1064 imperatorem
923 1014 964 1050 et
979 1007 1183 1050 domnum
1237 1023 1386 1052 eonem
1406 1023 1563 1067 papam
1577 1010 1830 1079 irmerentff

331 1077 487 1119 eosque
517 1064 766 1121 impiissime
796 1063 1068 1107 trucidarent.
1128 1064 1245 1117 Quid
1263 1064 1410 1107 multis
1438 1065 1608 1109 morer?
1636 1066 1838 1113 Romam,

331 1133 460 1176 quam
488 1134 590 1161 mox
619 1121 830 1163 exercitus
859 1120 1075 1177 paucitate
1112 1120 1262 1163 confisi
1290 1122 1421 1164 immo
1458 1121 1640 1180 decepti,
1675 1130 1718 1167 et
1743 1135 1838 1189 pe0‘

332 1175 481 1217 cuniae
519 1176 798 1233 promissione
837 1176 1025 1229 animati,
1065 1175 1223 1218 bucina
1258 1184 1541 1236 concrepante
1576 1192 1706 1236 super
1740 1191 1838 1239 un-f}

330 1238 580 1297 peratorem,
612 1239 658 1274 ut
686 1247 784 1275 eum
815 1232 1024 1285 occidant,
1054 1232 1252 1276 festinare
1282 1233 1544 1277 contendunt
1557 1242 1586 1277 ¹.
1649 1234 1838 1289 Quibuasssi

329 1294 558 1344 imperator
600 1302 729 1344 supra
772 1295 946 1344 pontem
990 1288 1184 1354 Tyberis,
1229 1304 1356 1346 quem
1393 1290 1576 1333 Romani
1617 1289 1838 1349 plausu-isi

330 1342 582 1400 impeditum
612 1343 838 1398 habebant,
870 1352 1067 1387 occurl'lt.
1137 1345 1272 1388 Cuius
1308 1345 1438 1390 fortes
1472 1345 1641 1402 milites,
1677 1361 1822 1392 assueae'

329 1399 430 1441 faeti
457 1398 580 1453 bello,
618 1401 821 1456 pectorab
863 1408 904 1443 et
932 1402 1060 1443 armis
1091 1402 1304 1459 intrepidi,
1341 1417 1415 1445 eos
1443 1403 1555 1447 inter
1579 1401 1830 1460 prosiliuntjf,

331 1461 373 1498 et
402 1456 524 1511 quasi
552 1457 775 1513 accipitres
804 1458 950 1498 avium
979 1457 1307 1512 multitudinem,
1336 1457 1453 1502 nullo
1481 1459 1703 1503 resistente
1722 1473 1828 1517 per-‚1

329 1517 485 1554 terrent
496 1519 526 1553 ⁰.
584 1512 680 1554 Non
708 1511 897 1566 latibula,
927 1528 1013 1555 non
1042 1514 1205 1568 corbes,
1234 1529 1321 1557 non
1352 1529 1542 1559 concava
1569 1514 1698 1573 ligna,
1726 1529 1829 1560 ιιοιιῑἶ

331 1567 490 1623 criptae
529 1568 719 1610 sordium
756 1569 1024 1626 receptacula
1037 1578 1066 1623 ²,
1106 1570 1368 1627 fugientibus
1403 1570 1559 1615 tutelae
1593 1586 1690 1616 csse
1722 1575 1825 1630 Ροεὸζ

331 1630 440 1666 sunt.
500 1622 766 1667 Occiduntur
806 1625 964 1682 itaque,
1005 1632 1046 1668 et
1082 1633 1130 1669 ut
1163 1626 1344 1670 fortibus
1380 1626 1537 1671 assolet
1573 1627 1827 1688 contingere}

329 1679 444 1732 viris,
515 1681 642 1722 assim
671 1696 696 1723 a
735 1688 854 1737 tergo
892 1681 1181 1725 vulnerantur.
1241 1683 1349 1737 Quis
1387 1690 1491 1727 tunc
1527 1683 1824 1728 Romanorum

331 1733 464 1777 cladis
523 1736 617 1778 uius
647 1745 860 1794 superstes
890 1737 1020 1792 fieret,
1055 1739 1091 1780 si
1117 1753 1204 1781 non
1232 1739 1464 1797 imperator
1491 1746 1664 1784 sanctus
1692 1741 1820 1784 mise*

330 1790 524 1845 ricordia,
569 1807 679 1849 quae
718 1794 778 1836 eis
814 1792 930 1836 nulla
969 1793 1215 1849 debebatur,
1258 1795 1498 1850 inclinatus,
1541 1811 1641 1840 suos
1676 1795 1829 1850 adhuc}

331 1847 565 1890 interficere
595 1849 823 1892 sicientesd
852 1850 1094 1905 retraheret,
1124 1851 1372 1895 revocaret?

444 1903 509 1945 17.
537 1903 688 1961 Itaque
709 1905 885 1948 devictis
907 1906 1117 1960 omnibus,
1137 1915 1266 1964 atque
1285 1907 1365 1950 ab⁰
1387 1907 1453 1950 his
1473 1908 1547 1966 qui
1567 1891 1829 1977 supereranss

332 1958 550 2001 obsidibus
577 1962 772 2017 acceptis,
802 1961 1054 2005 venerabilis
1082 1978 1196 2020 papa
1223 1963 1312 2007 Leo
1340 1963 1524 2021 pedibus
1551 1965 1760 2022 imperato
1785 1966 1796 1976 ‘
1813 1973 1828 1983 ”

362 2014 593 2069 rovolutus,
632 2026 735 2070 orat,
775 2025 822 2059 ut
859 2019 1060 2061 Romanis
1099 2019 1268 2062 obsides
1304 2019 1466 2075 reddat,
1487 2035 1634 2078 ,seque
1668 2036 1720 2064 eo
1784 2042 1831 2074 ιη,

330 2028 429 2112 iidei
459 2072 735 2115 commendet.
793 2074 962 2131 Rogatu
998 2074 1182 2132 denique
1211 2075 1464 2119 venerabilis
1492 2090 1631 2143 papae
1658 2077 1826 2134 Leonas

330 2126 560 2183 imperator
588 2135 758 2171 sanctus
787 2130 991 2173 Romanis
1021 2131 1189 2174 obsides
1209 2132 1360 2187 reddit,
1390 2146 1477 2174 non
1493 2139 1681 2176 incertus
1701 2148 1778 2192 qu
1796 2137 1826 2185 ιὲ,

362 2190 633 2226 rosecuturus
663 2200 757 2227 sum
788 2186 1042 2243 incepturos.
1099 2188 1235 2244 Igitur
1262 2189 1553 2231 Romanorum
1580 2188 1681 2232 fidei
1714 2204 1826 2238 cuns

330 2196 428 2280 gem
458 2253 628 2296 papam,
664 2242 1025 2298 quemadmodum
1061 2243 1172 2300 lupis
1211 2259 1384 2301 agnum,
1421 2245 1645 2288 commisit.
1701 2245 1831 2302 Dwf

331 2293 467 2336 Roma
495 2296 653 2350 exiens,
690 2296 1006 2341 Cammerinum
1047 2299 1353 2359 Spoletumque
1381 2315 1544 2356 versus,
1583 2300 1661 2345 ubi
1687 2301 1780 2345 Ad
1810 2313 1823 2346 22

330 2348 498 2392 bertum
527 2366 618 2394 esse
648 2354 851 2406 audierat,
880 2356 1125 2412 properavit
1137 2363 1168 2398 ³.

445 2406 509 2447 18.
554 2408 720 2451 Interea
754 2410 963 2465 mulieres,
1003 2412 1258 2468 quibuscum
1297 2413 1521 2469 Iohannes,
1562 2413 1636 2472 qui
1673 2413 1744 2457 dic
1774 2426 1825 2452 ιίἸ

331 2467 396 2503 est
423 2476 548 2518 papa.
578 2463 808 2521 voluptatis
838 2481 939 2509 suae
968 2467 1201 2510 ludibrium
1231 2470 1469 2524 exercebat,
1505 2477 1553 2513 ut
1581 2485 1668 2515 non

330 2515 437 2559 biles
457 2525 499 2560 et
518 2517 674 2575 plures,
705 2522 1017 2566 concitaverunt
1045 2524 1271 2579 Romanos,
1302 2533 1351 2568 ut
1369 2526 1568 2581 Leonem,
1598 2540 1738 2570 summ
1782 2531 1825 2587 u}

1813 1878 1824 1890 4

1809 1961 1815 1971 ς

331 2610 361 2645 ⁸)
381 2614 501 2640 irruent
522 2615 548 2642 1.
609 2615 639 2647 b)
663 2621 785 2649 pectore
806 2618 879 2645 coni.
897 2618 1054 2646 Wanerich.
1118 2620 1145 2654 c)
1167 2625 1327 2654 proterunt
1342 2623 1482 2649 Albricue.
1542 2622 1574 2657 d)
1595 2624 1772 2651 flcbcientee

331 2651 474 2680 stelenum
494 2652 562 2680 58·-
641 2655 670 2689 e)
693 2656 731 2682 ab
751 2657 817 2683 add.
841 2657 982 2684 Albo-icus.
1653 2663 1656 2665 “
