1838 3210
355 215 421 247 12²
548 211 849 247 LIUDPRANDI
876 207 1222 244 ANTAPODOSIS.
1273 207 1368 241 LIB.
1395 206 1459 240 VI.
1511 206 1643 239 8-10.

271 338 335 364 ⁹⁴9.
351 340 405 382 ap
439 331 637 366 onuntur.
698 324 745 365 Ιιι
784 321 939 387 quibus
977 321 1208 377 imperator
1243 318 1402 375 pariter
1436 324 1478 360 et
1514 317 1722 361 convivae
1770 338 1803 353 ιι·

351 396 395 423 se
429 379 550 432 endo,
581 387 627 421 ut
656 387 832 421 caeteris
863 376 1027 427 diebus,
1057 374 1132 418 sed
1160 372 1447 418 recumbendo
1476 371 1723 430 epulantur;
1753 387 1813 439 ψ.

353 436 432 479 bus
463 437 507 478 in
536 434 686 478 diebus
717 448 802 475 non
837 432 1063 488 argenteis,
1104 430 1179 473 sed
1216 431 1357 473 aureis
1386 435 1551 473 tantum
1579 428 1694 472 vasis
1734 449 1754 467 ιι
1794 450 1799 466 ι

354 500 523 534 stratur.
568 491 670 533 Post
691 489 832 532 cibum
854 496 996 531 autem
1017 487 1157 529 aureis
1186 487 1299 528 vasis
1328 485 1464 529 tribus
1492 491 1592 528 sunt
1618 498 1746 542 pom
1782 504 1790 521 ο
1818 538 1820 540 v

353 547 456 600 lata3
488 561 595 604 quae
626 545 679 588 ob
711 546 947 587 inmensum
978 542 1146 600 pondus
1174 556 1259 584 non
1288 541 1509 584 hominum
1528 540 1737 595 manibus,
1777 543 1816 577 -·-’

368 618 542 660 ›urpura
571 603 692 645 tectis
722 599 926 643 vehiculis
956 606 1054 641 sunt
1081 597 1220 641 allata.
1278 597 1568 655 Apponuntur
1594 602 1739 640 autem
1766 616 1774 633 ο

353 618 433 702 lioc
464 660 506 701 in
537 672 725 700 mensam
756 655 896 699 modo.
941 656 1024 698 Per
1042 654 1251 697 foramina
1270 652 1482 711 laquearis
1500 659 1587 697 tres
1605 659 1705 696 sunt
1749 671 1755 689 ·
1780 674 1786 689 ·

208 730 337 766 ’μευ
354 714 533 773 pellibus
562 713 774 756 deauratis
805 713 903 755 tecti
934 727 1032 754 cum
1062 709 1219 752 ¹'anulis
1249 709 1434 767 depositi
1451 709 1605 761 aureis,
1634 708 1711 775 qui
1738 729 1742 743 -·
1767 729 1772 745 ι

355 785 463 828 quae
492 771 535 811 in
565 768 740 812 scutulis
802 769 1011 810 rominent
1039 766 1178 823 positi,
1209 764 1507 808 adiuvantibus
1531 763 1706 808 inferius
1725 778 1771 822 q
1794 785 1797 789 -

355 836 450 869 tuor
488 831 562 867 aut
601 840 650 868 eo
681 784 862 881 ampliius
902 821 1159 875 hominibus,
1203 836 1280 879 per
1322 819 1517 865 vertibile
1561 819 1677 878 quod
1713 834 1817 878 sup

354 882 551 939 laqueum
597 888 660 925 est
707 879 913 937 ergalium
950 880 994 921 in
1029 892 1219 921 mensam
1259 876 1571 931 subvehuntur,
1609 875 1823 944 eodemq'

354 937 481 981 modo
512 937 820 993 deponunturfl.
879 935 1023 977 Ludos
1063 934 1257 991 denique,
1295 947 1402 990 quos
1438 931 1500 976 ibi
1537 946 1739 991 perspex·
1799 932 1829 987 νζ

355 995 455 1051 quia
470 994 595 1035 nimis
616 992 790 1049 longum
808 999 870 1034 est
885 990 1084 1043 scribere,
1099 990 1407 1047 pretermitto¹²3
1428 1002 1561 1031 unum
1574 986 1777 1032 solumm
1795 1008 1815 1025 0-

354 1051 408 1094 ob
437 1049 759 1092 admirationem
790 1048 857 1090 hie
888 1048 1073 1090 inserere
1102 1061 1188 1088 non
1218 1045 1394 1103 pigebit.
1804 1049 1832 1100 .

289 1119 340 1153 (4.)
464 1105 503 1147 9.
549 1105 677 1148 Venit
705 1103 892 1161 quidam,
933 1102 1149 1145 XXIIII⁰r
1180 1109 1222 1144 et
1251 1117 1301 1144 eo
1339 1099 1521 1158 amplius
1557 1099 1717 1158 pedum
1753 1098 1823 1144 lo?

353 1161 557 1218 gitudjnis
586 1160 748 1217 lignum
779 1160 869 1202 sine
899 1174 1101 1201 manuum
1130 1156 1413 1200 amminiculis
1441 1157 1486 1199 in
1514 1155 1651 1200 fronte
1676 1171 1796 1214 gere·
1825 1159 1828 1160 ⁷

355 1216 470 1273 quod
509 1217 653 1260 cubito
692 1230 717 1257 a
755 1216 996 1258 summitate
1033 1214 1220 1268 inferius,
1259 1213 1498 1256 bicubitum
1537 1219 1701 1256 transv
1741 1212 1838 1250 ι”ιιἸ

354 1273 573 1315 habuerat.
631 1272 822 1314 Adducti
851 1279 950 1314 sunt
985 1278 1128 1313 autem
1169 1269 1254 1312 duo
1285 1270 1410 1326 pueri
1437 1266 1542 1311 nudi
1570 1268 1646 1312 sed
1674 1282 1791 1312 cam

355 1329 486 1382 strati,
515 1328 595 1370 hoc
627 1335 690 1370 est
719 1327 1000 1370 succinctoria
1030 1326 1246 1379 habentes,
1313 1326 1357 1368 ui
1393 1339 1471 1383 per
1506 1323 1671 1382 lignum
1709 1344 1738 1361 τ,
1782 1346 1801 1362 ·-·
1837 1330 1838 1333 ’

354 1384 501 1427 dentes
532 1383 763 1440 eodemque
793 1382 1001 1437 ludentes,
1029 1383 1249 1439 versisque
1316 1395 1485 1424 eorsum
1522 1378 1738 1438 capitibus
1779 1401 1786 1419 ι

354 1439 398 1482 id
427 1439 732 1483 descendentes
744 1440 776 1493 ¹¹,
807 1440 866 1482 ita
894 1446 1173 1482 servaverunt
1210 1436 1442 1492 immobile,
1484 1451 1537 1480 ac
1574 1437 1612 1480 si
1639 1436 1818 1484 radici·

354 1502 490 1538 terrae
520 1503 630 1539 esset
659 1495 864 1537 adfixum.
922 1495 1035 1537 Deni
1068 1510 1121 1537 ue
1183 1500 1250 1536 ost
1278 1494 1405 1536 unius
1434 1492 1700 1547 descensum,
1748 1512 1753 1529 r
1808 1538 1811 1542 ,

355 1553 429 1609 qui
457 1559 717 1595 remanserat
746 1551 894 1594 eodem
928 1566 980 1593 ue
1011 1566 1057 1593 so
1075 1566 1124 1593 us
1180 1558 1335 1604 userat,
1379 1548 1576 1607 ampliori
1613 1563 1682 1592 me
1709 1532 1835 1594 admi

144 1611 220 1642 Ἠ·
234 1614 340 1640 donee.
353 1608 516 1650 ratione
559 1609 786 1650 attonitum
830 1607 903 1650 red
936 1607 1026 1649 idit.
1099 1606 1285 1664 Quoquo
1329 1604 1456 1648 modo
1500 1605 1628 1660 enim,
1671 1619 1771 1663 qun,
1794 1614 1822 1638 »-

353 1670 528 1720 uterque
558 1663 728 1718 luserat,
757 1663 982 1706 videbatur
1042 1662 1224 1716 ossibile,
1264 1662 1466 1719 quoniam
1495 1661 1668 1718 quidem
1697 1675 1727 1718 q
1767 1680 1771 1695 =

354 1734 483 1776 quam
511 1719 706 1773 mirabili,
735 1734 884 1762 verum
913 1734 999 1776 pon
1032 1733 1102 1761 ere
1121 1732 1207 1760 non
1226 1717 1414 1776 dispari⁰
1444 1716 1608 1775 lignum
1619 1731 1708 1783 per
1729 1730 1774 1774 q
1798 1703 1833 1782 ‹st

353 1775 630 1819 ascenderant
666 1774 974 1832 gubernabant.
1033 1774 1155 1818 Unus
1191 1789 1292 1817 vero
1333 1775 1407 1831 qui
1444 1773 1488 1816 in
1526 1772 1632 1830 ligni
1670 1787 1692 1816 s
1734 1792 1754 1810 r·
1779 1783 1831 1827 μ’

354 1839 438 1874 tate
467 1832 680 1885 remansit,
712 1832 813 1888 quia
841 1831 900 1873 ita
930 1846 974 1874 se
1004 1829 1238 1888 aequaliter
1266 1829 1499 1887 ponderavi
1558 1837 1608 1872 ut
1635 1827 1827 1872 et

355 1901 405 1930 ac
436 1901 563 1929 sanus
593 1887 871 1941 descenderit,
915 1888 974 1931 ita
1013 1902 1081 1929 me
1119 1886 1338 1944 stupidum
1377 1884 1500 1928 reddi
1532 1884 1576 1938 ·t,
1614 1890 1663 1927 ut
1699 1885 1787 1942 ips
1815 1929 1818 1932 ζ

356 1944 482 1986 etiam
511 1944 810 1999 imperatorem
839 1957 935 1986 mea
963 1943 1188 1986 admiratio
1217 1956 1303 1985 non
1330 1941 1492 1986 lateret.
1548 1940 1677 1985 Unde
1705 1947 1749 1984 et
1786 1960 1789 1964 ’
1818 1970 1820 1973 >

356 2000 507 2042 cersito
536 1999 776 2055 interprete,
809 1999 911 2056 quid
942 1999 1047 2042 mihi
1076 1997 1312 2041 mirabilius
1339 1997 1569 2052 videretur,
1609 2003 1674 2040 est
1701 1996 1775 2040 sc'
1796 2016 1828 2031 ι·

354 2062 484 2097 tatus:
532 2070 650 2111 puer,
697 2057 770 2112 qui
813 2070 858 2097 se
901 2055 1008 2098 adeo
1053 2055 1270 2097 moderate
1311 2059 1494 2108 rexerat,
1538 2060 1587 2096 ut
1627 2050 1806 2097 immob
1823 2063 1837 2088 ¹,

354 2109 516 2167 lignum
559 2118 686 2165 esset,
735 2126 790 2152 an
833 2112 890 2164 is,
942 2112 1015 2168 qui
1058 2111 1103 2154 id
1146 2111 1190 2152 in
1232 2110 1371 2154 fr0nte
1414 2117 1502 2153 tam
1543 2123 1593 2152 ar
1624 2122 1740 2153 ume-
1780 2128 1827 2146 ·

354 2173 558 2220 tenuerat,
590 2175 638 2210 ut
664 2182 895 2223 puerorum
923 2182 1003 2210 nec
1033 2167 1199 2224 pondus
1229 2181 1367 2223 neque
1390 2165 1519 2208 ludus
1537 2180 1591 2208 ve
1625 2163 1810 2207 modio
1835 2167 1837 2199 ἶ

355 2221 555 2264 flecteret.
600 2222 795 2279 Cumque
816 2239 883 2265 me
904 2223 1112 2279 ignorare,
1143 2222 1247 2279 quid
1271 2222 1376 2264 mihi
1394 2221 1770 2274 thaumastoteron,
1799 2262 1802 2264 .

356 2285 419 2320 est
447 2277 694 2331 mirabilius,
724 2279 951 2333 videretur,
981 2278 1206 2332 edicerem,
1235 2292 1392 2334 magno
1420 2276 1593 2320 inflatus
1621 2276 1763 2319 cacm‘
1786 2296 1792 2312 ·

357 2347 401 2375 se
430 2333 621 2375 similiter
648 2350 785 2391 neque
815 2336 934 2387 scire,
965 2334 1194 2391 respondit.

282 2402 334 2439 (⁵·)
472 2389 534 2430 10.
581 2389 667 2431 Sed
694 2405 831 2446 neque
862 2391 943 2433 hoe
973 2391 1138 2434 silentio
1169 2389 1499 2446 pretereundum
1527 2403 1620 2432 esse
1647 2386 1764 2430 arbi·

256 2444 344 2510 ³2⁸⁵&
357 2444 471 2500 quod
501 2446 600 2486 novi
630 2446 809 2503 mirique
848 2446 963 2488 aliud
998 2447 1149 2489 eedem
1188 2445 1492 2503 perspexerim.
1558 2444 1609 2487 In
1645 2457 1697 2487 ea
1742 2462 1780 2481 ,ι

217 2522 343 2550 ’.ι-30,
357 2507 454 2542 ante
483 2501 757 2556 vaiophoron,
796 2503 911 2558 quod
939 2517 1016 2544 nos
1046 2502 1283 2558 palmarum
1319 2516 1460 2544 ramos
1489 2499 1684 2554 dicimus,
1713 2514 1758 2542 e·
1778 2510 1823 2559 v,

356 2556 495 2609 mada,
526 2562 611 2598 tam
642 2557 845 2600 militibus
878 2573 1091 2615 quamque
1127 2565 1170 2600 et
1203 2559 1246 2600 in
1275 2557 1455 2600 diversis
1484 2556 1725 2600 constitutis
1753 2566 1812 2608 os

357 2612 433 2654 ciis
470 2613 821 2656 numismatorum
860 2629 1087 2656 aureorum
1129 2614 1431 2671 erogationem,
1474 2617 1601 2670 prout
1635 2612 1707 2654 cui
1744 2631 1821 2655 2»

357 2675 541 2710 meretur
569 2668 768 2722 officium,
799 2670 1029 2725 imperator
1064 2669 1178 2712 facit.
1239 2669 1321 2712 Cui
1358 2669 1593 2726 erogationi
1631 2668 1733 2734 quia
1817 2704 1821 2722 4

355 2723 559 2766 interesse
602 2723 749 2778 voluit,
793 2726 936 2768 venire
980 2726 1183 2783 precepit.
1250 2726 1351 2767 Fuit
1393 2732 1536 2767 autem
1584 2723 1821 2781 hmusmyjf

356 2830 386 2863 a)
407 2831 604 2865 depununtur
626 2834 651 2859 1.
727 2834 757 2858 b>
781 2835 956 2866 pretermito
980 2837 1005 2861 1.
1078 2834 1103 2867 c)
1123 2835 1306 2860 tranuersim
1331 2835 1355 2860 1.
1426 2833 1456 2865 d)
1479 2839 1505 2859 e.
1527 2833 1549 2860 Ι.
1571 2839 1598 2860 ν.
1619 2832 1648 2859 d.
1670 2838 1696 2858 ο.
1716 2838 1749 2865 p.
1825 2864 1826 2867 Ἴ

357 2871 456 2897 daune
478 2872 506 2899 5.
529 2873 580 2898 ba.
605 2870 666 2899 5a'.
747 2871 775 2906 e)
798 2881 826 2898 v.
848 2881 878 2906 p.
900 2882 928 2906 q.
953 2882 981 2906 q.
1002 2882 1030 2906 q.
1053 2881 1093 2900 m.
1117 2882 1145 2902 V.
1167 2882 1196 2907 p.
1221 2881 1248 2900 n.
1271 2873 1297 2899 d.
1320 2874 1420 2900 desunt
1442 2874 1469 2900 5.
1490 2873 1542 2899 5³.
1564 2869 1632 2899 δι’.
1787 2870 1790 2872 ’
1825 2874 1826 2884 ’
