1838 3210
203 217 506 252 LIUDPRANDI
530 217 879 252 ANTAPODOSIS.
931 217 1025 252 LIB.
1050 218 1112 251 lv.
1168 218 1323 252 15—16.
1472 217 1518 251 87

43 379 45 381 ,
101 350 109 368 ι
147 344 226 373 suo
255 329 390 372 filium
429 329 609 386 peperit,
652 343 780 386 quem
818 330 990 372 vocavit
1028 329 1330 382 OTTONEM,
1374 330 1517 383 istum,

38 399 215 442 .·uam‚
246 387 368 429 cuius
397 384 547 427 mundi
582 391 724 441 partes
758 384 1018 442 aquilonaris
1048 392 1090 428 et
1119 385 1299 428 occidua
1328 386 1518 442 potentia

37 439 50 456 ”
112 462 119 478 ·
142 447 241 496 ·tur,
271 441 505 506 sapientia*
533 439 827 497 pacificantur,
856 440 1060 498 religione
1079 440 1302 495 laetantur,
1331 441 1518 498 iustique

32 482 88 535 ἦ
103 497 173 541 ‘cii
202 503 426 541 seventate
454 502 677 540 terrentur.
745 497 850 539 Post
886 498 1048 554 regiam
1084 506 1227 541 autem
1266 497 1517 562 dignitatem

35 561 131 596 mos
159 554 337 611 peperit,
367 567 501 594 unum
530 567 658 609 quem
687 553 821 618 patris
850 554 1022 596 nomine
1050 554 1225 597 vocavit
1252 553 1519 606 Hemricum,

39 632 43 639 =
68 610 178 653 cetia
207 610 309 652 satis
339 615 547 662 ornatum,
583 609 772 651 consiliis
832 608 1042 663 rovidum,
1080 609 1221 653 vultus
1259 610 1396 653 nitore
1425 624 1519 667 gra·

36 665 195 719 ’osum,
239 664 462 708 oculorum
500 664 722 721 vigilantia
846 664 1012 719 cidum3
1062 666 1185 708 cuius
1233 665 1394 709 recenti
1441 679 1519 722 pro

38 728 60 762 it·
84 729 198 765 ·ere¹
228 735 315 764 non
344 719 582 763 mediocres
609 720 750 763 adhuc
772 680 976 764 lacrimas
1005 721 1236 764 fundimus.
1297 721 1519 765 ‘Tercium
1538 726 1672 761 ⁸12-820-

31 776 178 832 &unde
206 776 355 820 Bruno
384 777 579 820 nomine²
619 791 746 834 quem
775 782 897 834 pater
925 785 1110 831 sanctus,
1152 778 1354 835 quoniam
1384 777 1519 821 Nord-

40 855 58 869 ..
79 833 171 876 nni
200 833 518 876 Traiectensem
548 832 847 876 destruxerant
876 834 1049 876 omnino
1078 834 1289 888 eclesiam,
1326 834 1380 878 ob
1411 835 1520 877 eius-

22 890 43 925 :3
56 902 125 933 cm
153 889 519 946 recuperationem
555 887 694 931 eidem
730 888 865 932 voluit
902 888 1095 933 militare.
1154 890 1317 933 Verum
1348 896 1394 932 ut
1423 890 1520 932 isto-

90 965 111 983 ιι
157 952 280 989 actus
318 946 407 988 suis
445 945 490 986 in
525 943 631 987 locis
666 943 792 988 latius
833 944 1112 1003 explicemus,
1159 946 1216 989 ad
1251 946 1520 1004 propositum

58 1015 263 1046 wcamus.

140 1059 207 1102 16.
265 1057 463 1111 Quantac
483 1055 610 1099 fuerit
628 1056 880 1114 prudentiae
902 1063 1173 1115 quantaeque
1192 1072 1271 1100 rex
1290 1058 1521 1101 Heinricus
1535 1072 1603 1101 sse.

32 1117 52 1155 ’.
77 1113 217 1167 'entie,
247 1112 347 1156 hinc
374 1112 548 1170 probari
577 1119 728 1169 potest,
758 1112 874 1170 quod
892 1114 1164 1171 potissimum
1183 1128 1234 1157 ac
1255 1113 1522 1171 religiosissi-

43 1183 145 1213 ==um
188 1175 384 1212 natorum
428 1182 601 1211 suorum
631 1183 777 1225 regem
813 1170 1046 1212 constituit.
1108 1170 1364 1213 Imminebat
1393 1170 1520 1224 enim,

59 1245 89 1263 ·-.·
130 1224 471 1283 prudentissime,
511 1223 631 1267 obitu
670 1232 742 1268 tuo
781 1225 911 1267 totius
940 1224 1088 1283 populi
1127 1240 1264 1281 casus,
1304 1226 1340 1268 si
1378 1232 1522 1269 tantus

58 1281 169 1333 ·-;‘:e
197 1281 393 1338 dignitati
429 1294 514 1323 non
554 1279 718 1324 subiret
745 1281 946 1324 vicarius.
1014 1281 1112 1336 Qua
1143 1297 1198 1326 cx
1227 1298 1273 1326 re
1302 1282 1348 1324 in
1377 1281 1520 1325 ambo-

29 1343 43 1367 '-
78 1351 120 1380 m
149 1336 274 1381 laude
304 1336 382 1380 hos
410 1337 636 1402 pangimus
664 1350 833 1380 versus:

305 1392 405 1450 Ipse
435 1407 509 1450 qul
538 1391 720 1435 condam
749 1407 952 1450 superare
979 1398 1130 1451 gentes

307 1449 467 1506 Impias
495 1447 606 1492 bello
637 1447 784 1491 solitus
814 1455 1003 1503 cruento,

308 1505 517 1548 Novimus
546 1518 671 1558 nunc,
701 1520 792 1559 reX,
822 1504 991 1548 dederis
1019 1504 1188 1571 popello

308 1561 446 1605 Morte
475 1567 523 1604 tu
552 1567 733 1618 quantas
793 1562 937 1619 ropria
966 1575 1109 1604 rumas
1119 1568 1148 1604 ³.

256 1629 276 1662 5
309 1616 455 1660 Turba
484 1617 676 1659 certatim
705 1616 750 1659 vi
783 1624 882 1660 uata
909 1616 1016 1659 karo

308 1673 440 1730 Rege,
469 1673 556 1716 iam
585 1678 721 1716 cesset
747 1671 983 1728 lacrimare,
1014 1672 1186 1739 quando

308 1727 431 1772 Alter
458 1729 631 1786 exurgit
657 1728 925 1772 venerandus
955 1728 1060 1783 orbi,

309 1783 456 1840 Filius,
487 1785 597 1842 patri
627 1783 775 1827 similis
806 1784 962 1828 cluenti

311 1842 415 1884 Otto
444 1855 534 1893 rex,
563 1848 713 1898 gentes
742 1840 910 1884 dicione
938 1855 1094 1899 magna

231 1907 279 1942 10
311 1896 398 1951 Qui
427 1903 604 1954 premet,
631 1910 869 1963 pacemque
898 1896 1005 1941 feret
1034 1897 1214 1941 beatam.

309 1952 529 2019 Quicquid
558 1951 752 1996 Heinrici
814 1953 911 1996 eriit
939 1968 1126 2009 recessu,

310 2009 501 2052 Presutit
530 2007 644 2052 claro
674 2022 760 2074 pop
812 2009 845 2051 's
874 2007 945 2052 hic
974 2015 1082 2063 ortu,

311 2062 503 2107 Blandus
533 2071 575 2108 ct
604 2064 718 2108 mitis
778 2065 999 2123 atiensque
1030 2065 1202 2119 sanctis,

310 2119 492 2164 Pestifer
520 2118 679 2163 durus*
709 2135 756 2163 ra
787 2119 969 2178 idusque
997 2121 1148 2165 saevis.

234 2188 280 2221 ¹5
312 2175 430 2219 Bella
459 2174 670 2219 nonnullis
700 2176 777 2220 tibi
807 2184 906 2220 sunt
934 2176 1143 2233 gerenda,

313 2231 384 2275 Ex
413 2231 569 2289 quibus
601 2246 757 2275 nomen
787 2231 975 2276 referens
1004 2235 1049 2275 in
1078 2239 1205 2286 astra,

315 2286 481 2332 Cuncta
510 2286 696 2332 calcabis
757 2287 908 2331 edibus
939 2302 1016 2346 per
1044 2288 1204 2342 orbem,

313 2344 437 2443 &uae
497 2342 620 2387 remit
648 2302 793 2387 tardbs
823 2341 995 2387 radians
1024 2343 1217 2398 Bootes⁴,

354 2406 371 2442 t
400 2414 427 2465 q
504 2414 555 2442 us
583 2413 739 2442 nomen
768 2398 887 2443 dedit
915 2399 1084 2458 Hesper
1112 2398 1266 2443 almus:

230 2466 282 2501 2ο
314 2455 487 2499 Lucifer
515 2469 661 2499 rursus
689 2455 902 2499 vocitatus
931 2455 1059 2510 idem,

311 2510 482 2568 Surgit⁰
512 2510 624 2554 Eoo·
656 2525 890 2569 properans
919 2512 1170 2556 corusco‘ss.
1544 2534 1622 2564 ·,0u
1646 2542 1725 2564 cm,

56 2620 239 2660 'supinatis
261 2620 287 2647 1.
367 2620 398 2654 b)
425 2620 509 2647 duri·
533 2619 581 2647 οι.
662 2619 690 2654 e)
706 2619 812 2654 stu-tlt
828 2620 947 2649 »cmm
968 2628 1037 2648 enm
1057 2627 1115 2648 οοο
1134 2621 1162 2647 2.
1183 2619 1290 2652 Surgit
1309 2618 1362 2646 ssd
1384 2626 1453 2646 eum
1471 2625 1528 2645 eoo

33 2686 38 2693 ,
55 2663 57 2665 ’
97 2666 162 2687 voa
178 2666 202 2686 ι.
223 2659 364 2694 (scilicet)
376 2660 447 2686 uolt
462 2659 612 2686 intellecta.
685 2660 718 2695 d)
729 2660 843 2689 ultimae
856 2660 982 2695 aeyuabae
991 2660 1077 2687 buliu
1087 2661 1163 2687 voela
1174 2659 1398 2694 cuper-seriptum
1410 2666 1445 2685 υ.
1459 2659 1483 2685 1.
1500 2659 1526 2684 2.

58 2751 69 2784 ³
103 2756 136 2782 ι.
163 2746 247 2782 ⁹55.
272 2747 363 2783 Nov.
391 2748 425 2783 1.
500 2747 539 2791 2)
566 2748 666 2783 Obiit
692 2748 727 2783 d.
748 2749 803 2783 11.
822 2748 902 2784 Oct.
921 2748 1005 2783 ⁹65.
1057 2749 1113 2783 De
1137 2747 1304 2782 Trnieeto
1330 2750 1530 2782 restaurato

67 2819 86 2839 ⁷·
112 2795 283 2840 Buotgeri
309 2797 418 2832 vitam
440 2796 596 2831 Brunon.
616 2807 648 2832 c.
667 2797 702 2831 ⁴.
779 2796 819 2839 8)
846 2797 901 2832 ef.
928 2797 1045 2832 Boetii
1071 2796 1163 2831 Phil,
1193 2795 1336 2831 Consol.
1364 2795 1400 2829 11
1429 2806 1459 2828 c.
1488 2794 1530 2828 ὃς

82 2844 209 2879 vimus
235 2850 385 2890 quantu
411 2845 552 2880 dederit
575 2846 740 2881 minu...
758 2846 881 2880 Fratre
909 2847 970 2891 qui
997 2844 1175 2891 quondam
1193 2844 1288 2879 ferus
1306 2846 1531 2889 interempto.

39 2903 41 2907 ’
62 2899 68 2914 ’·
102 2892 251 2929 nontin·
276 2894 303 2929 1.
327 2894 353 2931 1.
380 2894 444 2935 IV,
469 2896 502 2936 ὓ,
528 2894 571 2928 8:
624 2894 697 2929 Cur
721 2894 820 2939 legat
844 2894 966 2930 tardus
993 2894 1147 2929 clnustra
1172 2894 1317 2929 Bootes.
1409 2893 1448 2936 ὃ)
1477 2892 1532 2927 cf.

72 2984 74 2986 ¹
96 2952 196 2978 ocae
222 2943 388 2979 Phaedra
413 2954 448 2977 v.
477 2943 679 2978 ἨΠ-780.
