1838 3210
287 219 590 255 LIUDPRANDI
615 218 962 254 ANTAPODOSIS.
1012 218 1107 252 LIB.
1135 216 1196 253 IV.
1446 219 1489 251 77

43 352 121 386 .„‚·
172 333 303 385 aiunt,
358 331 637 375 circumcirca
684 330 899 388 dirigeret,
937 328 1246 386 Bagoariorum
1277 329 1487 388 quaedam

88 409 94 427 ;
128 403 214 431 non
242 388 418 431 minima
446 387 499 430 de
529 394 666 430 castro
695 385 906 429 vocabulo
937 385 1212 443 Gauseningo
1250 386 1487 443 egrediens,

53 465 88 483 ι..
127 443 396 489 ltaliensibus
424 458 615 500 pugnare
643 443 771 500 cepit.
814 442 855 485 A
885 441 1040 508 quibus
1067 443 1258 500 graviter
1276 442 1487 495 confossa,

44 521 62 538 >s
103 516 159 544 ex
187 514 251 555 ea,
279 499 348 544 vel
377 500 450 558 qui
479 499 559 542 hoc
588 499 766 542 caeteris
795 505 1021 552 nuntiaret,
1042 499 1198 553 evasit.
1242 499 1340 552 Qua
1368 514 1423 541 ex
1443 514 1488 541 re

34 560 43 615 J
77 555 215 600 ·aldus
258 556 347 599 dux
389 571 474 598 non
516 569 651 612 parva
693 563 758 598 est
801 555 1049 598 confusione
1092 553 1291 611 repletus.
1363 554 1488 598 Unde

33 617 66 649 ‘-
129 632 150 652 ιι
171 619 189 641 ⁸
232 619 308 667 est,
352 619 399 654 ut
435 610 611 654 consilio
649 619 842 668 accepto,
886 610 1088 654 Milonem
1127 611 1324 653 comitem
1361 609 1489 654 vellet

31 683 152 725 pere
171 675 299 726 atque
318 667 442 712 Italia
461 666 662 711 derelicta
681 682 828 710 secum
847 666 965 710 illum
985 667 1029 709 in
1045 667 1302 724 Bagoariam
1318 665 1487 722 ducere,

42 725 198 769 tinus
232 731 426 782 reparato
470 724 673 777 exercitu,
716 738 813 766 cum
858 739 908 766 eo
952 724 1104 765 iterum
1143 731 1288 780 posset
1326 722 1486 778 redire3

41 780 116 824 md
142 779 345 824 Milonem
374 796 460 823 non
487 779 621 823 latuit.

41 832 61 839 ⁰
109 838 178 880 51,
238 837 323 890 Qui
366 835 544 879 diversis
592 834 919 892 cogitationibus
967 843 1151 889 estuans,
1202 835 1307 893 quid
1343 842 1489 892 ageret

40 893 195 937 vuitus
236 893 476 950 ignorabat.
532 892 761 949 Hugonem
801 906 958 948 regem,
1003 890 1128 948 plane
1171 898 1218 934 ut
1260 897 1486 946 meruerat,

29 948 69 964 ⁵
92 963 116 991 e
144 948 342 1003 timebat3
387 964 485 992 cum
522 946 711 990 Arnaldo
748 963 848 990 vero
884 948 930 989 in
966 946 1220 1004 Bagoariam
1250 948 1361 1002 duci,
1401 963 1485 991 non

63 1019 136 1049 um
165 1013 342 1049 mortem
373 1005 448 1048 sed
477 1004 686 1048 infernum
716 1003 908 1061 putabat.
975 1003 1072 1046 Hac
1108 1005 1251 1061 itaque
1280 1004 1326 1046 in
1353 1003 1487 1047 ambi-

41 1061 71 1116 ,⁰
100 1067 172 1116 te,
204 1062 403 1119 quoniam
432 1076 578 1118 regem
607 1060 837 1117 Hugonem
867 1060 951 1103 cito
981 1059 1272 1103 misericordia
1311 1067 1488 1104 noverat

43 1117 206 1171 olinari,
248 1116 484 1160 Arnaldum
527 1117 687 1174 fugere,
730 1123 773 1159 et
810 1115 866 1158 ad
909 1130 1006 1158 eum
1056 1115 1264 1159 deliberat
1299 1116 1486 1160 tendere.

38 1193 105 1211 ,ιι
132 1172 213 1216 dus
248 1188 364 1228 vero,
403 1180 531 1230 prout
577 1173 703 1216 citius
741 1172 896 1230 potuit,
940 1172 984 1213 in
1024 1172 1280 1229 Bagoariam
1318 1179 1382 1216 est
1423 1188 1486 1216 re-

60 1244 184 1273 esus.

29 1283 38 1302 ³
109 1286 177 1330 52.
235 1285 514 1330 Munitionem
552 1291 708 1339 autem,
753 1299 863 1342 quae
899 1285 945 1326 in
981 1284 1131 1328 eadem
1173 1285 1345 1328 civitate
1384 1292 1486 1339 erat,

53 1340 118 1384 'us
147 1356 414 1400 oppugnans,
443 1341 614 1384 fratrem
642 1341 814 1384 Milonis
854 1339 1091 1398 militesque
1128 1355 1240 1396 suos,
1308 1342 1354 1384 ui
1390 1356 1485 1385 eam

70 1397 225 1442 endere
253 1397 528 1453 conabantur,
557 1412 702 1441 secum
731 1398 775 1440 in
804 1397 1060 1453 Bagoariam
1089 1397 1225 1440 duxit.
1325 1412 1379 1440 uo
1403 1397 1486 1441 dis·

57 1462 174 1498 ·ente
184 1454 217 1510 ¹’,
260 1453 437 1512 Hugoni
480 1454 571 1511 regi
614 1469 716 1497 mox
760 1453 908 1496 civitas
951 1452 1154 1508 redditur,
1204 1460 1246 1497 et
1287 1454 1486 1498 Raterius

51 1531 58 1563 ι,
76 1530 81 1547 z
99 1525 188 1554 ·em
218 1510 401 1554 civitatis
430 1510 658 1568 episcopus
686 1509 740 1553 ab
771 1524 822 1553 eo
859 1515 1023 1566 captus,
1054 1510 1187 1567 Papie
1226 1510 1353 1554 exilio
1392 1510 1486 1553 reli-

49 1564 90 1603 ἰ
126 1599 136 1610 .
193 1566 245 1609 In
274 1581 358 1624 quo
387 1566 524 1610 faceta
561 1567 663 1609 satis
701 1566 939 1610 urbanitate
977 1565 1030 1608 de
1069 1565 1185 1608 exilii
1214 1567 1280 1609 sui
1309 1581 1487 1610 erumna

52 1663 58 1677 ,
122 1643 143 1661 ιι
182 1636 437 1680 componere
466 1623 618 1680 cepit1.
678 1623 816 1675 Quem
852 1622 887 1664 si
927 1622 1022 1679 quis
1061 1621 1224 1679 legerit,
1262 1622 1486 1666 nonnullas

58 1677 166 1723 :hac
196 1677 276 1722 sub
306 1678 530 1722 occasione
560 1693 628 1721 res
658 1678 866 1736 expolitas
895 1678 1094 1733 inveniet,
1123 1694 1234 1736 quae
1249 1678 1485 1737 legentium

42 1738 78 1792 ’ζ·-
114 1734 279 1779 ectibus
307 1749 392 1778 non
422 1735 562 1778 minus
590 1734 760 1792 placere
789 1740 988 1792 poterunt
1017 1749 1145 1792 quam
1175 1734 1391 1792 prodesse.

190 1838 475 1884 EXPLICIT
504 1838 682 1883 LIBER
710 1838 1189 1884 ANTAPODOSEOS
1219 1841 1298 1884 III.

175 2028 507 2074 *INCIPmNT
537 2030 836 2075 CAPITULA
863 2031 1021 2075 LIBRI
1051 2031 1289 2086 QUARTI.

165 2110 233 2153 De
262 2124 313 2153 eo
342 2109 458 2168 quod
486 2125 598 2155 nunc
628 2126 763 2170 usque
800 2113 1017 2170 scripserit
1054 2112 1212 2167 audita,
1253 2113 1485 2171 scripturus

164 2164 345 2209 amodo⁰
371 2166 476 2209 visa.

163 2222 256 2266 Rex
286 2222 416 2280 Hugo
446 2222 576 2266 filium
614 2237 739 2266 suum
777 2223 1026 2268 Lotharium
1068 2240 1214 2282 regem
1254 2226 1483 2280 constituit,

164 2284 207 2321 et
235 2278 412 2321 Romam
444 2293 541 2322 cum
570 2280 761 2323 exercitu
791 2282 942 2338 pergit.

164 2334 258 2377 Rex
300 2333 428 2392 Hugo
467 2334 596 2378 filiam
636 2350 757 2378 suam
798 2335 996 2380 Alberico
1045 2337 1268 2395 coniugem
1308 2337 1394 2393 dat,
1438 2346 1485 2381 ut

166 2391 304 2489 ἰξειιηι
334 2405 412 2448 per
440 2406 533 2434 eam
563 2390 759 2449 decipiat.

165 2471 177 2489 ι
198 2447 366 2489 araceni
402 2445 455 2490 de
490 2446 731 2491 Fraxeneto
766 2449 916 2507 Aquas
950 2450 1139 2505 veniunt,
1178 2448 1252 2493 ubi
1292 2456 1334 2493 et
1372 2466 1485 2494 com-

165 2502 294 2545 missa
322 2516 467 2560 pugna
497 2518 642 2547 omnes
672 2511 861 2562 pereunt.

85 2111 120 2153 1.

57 2223 120 2265 e.

36 2335 120 2404 43.

30 2410 43 2426 ⁹
79 2446 121 2490 4„

34 2595 35 2599 Ἰ
62 2638 68 2646 ,
91 2613 215 2639 ΜΗ8111.
297 2611 328 2645 b)
349 2611 485 2639 ducente
510 2614 535 2640 1.
615 2614 644 2646 c)
665 2614 775 2641 {modo
799 2616 823 2642 1.
845 2621 950 2641 mutu
975 2618 1067 2642 tamen
1095 2616 1219 2642 necundo
1247 2616 1350 2643 lineam
1372 2616 1486 2642 duabus

51 2683 54 2686 ¹
129 2652 305 2678 emmena
324 2652 366 2678 ite
387 2652 493 2685 deunce,
515 2657 546 2679 ut
567 2654 600 2678 ἡ·
620 2653 712 2679 codiee
733 2655 760 2681 2.
785 2655 925 2681 elamodo
945 2655 1031 2681 ιον-ἰὸν·
1049 2656 1187 2687 potuer-61.

103 2737 315 2774 edit-tione·
342 2739 459 2775 cordi·
484 2741 520 2775 in
555 2741 662 2775 exilio
694 2741 879 2776 cniusdam
907 2742 1065 2777 Rutherii
1091 2743 1305 2778 Veronensis
1341 2743 1484 2788 quidem

63 2792 66 2794 ’
99 2807 101 2810 -
164 2810 171 2816 ·
201 2788 359 2833 epi-copi
386 2789 450 2823 sed
477 2789 665 2826 Lobieuniu
691 2791 867 2833 monaehi,
902 2802 990 2836 quau
1017 2793 1052 2825 ln
1078 2803 1140 2826 sex
1168 2793 1326 2837 digestas
1354 2792 1486 2826 libellis

40 2892 45 2898 l
73 2838 336 2927 nsaht-nouit
368 2838 543 2883 appellari
570 2839 859 2884 Praeloquiorum
886 2840 1062 2883 (Ratlierii
1093 2852 1175 2886 opp.
1203 2841 1285 2876 edd.
1312 2841 1486 2875 Belloi-ini

1502 340 1558 368 985
1565 362 1571 367 .

1502 2049 1511 2058 '
1524 2058 1553 2084 p.
1571 2050 1642 2080 ³16.
