1838 3210
224 360 291 388 988.

161 400 220 427 lull
244 402 289 427 20.

165 2585 224 2614 lul.
246 2586 293 2613 22.

166 2638 225 2666 Iul.
247 2638 293 2666 2³.

312 238 378 270 150
672 233 976 268 LIUDPRANDI
1001 232 1226 269 LEGATIO.
1278 233 1433 267 81-36.

307 348 574 404 obviavitque
604 345 726 388 nobis
757 346 799 387 in
827 345 1079 389 Macedonia
1107 345 1358 389 Dominicus
1388 344 1644 399 Venedicus‚
1680 357 1811 388 mm-

305 405 388 448 tius
418 418 532 456 suus,
570 403 642 460 qui
672 400 803 443 multo
832 399 975 443 labore
1011 408 1053 444 ct
1086 401 1242 445 sudore
1270 416 1362 456 nos,
1392 407 1440 444 ut
1466 407 1786 458 reverteremur,

306 459 535 512 demulsit¹,
550 458 820 501 iureiurando
831 456 954 499 nobis
964 456 1192 512 affirmans,
1203 472 1421 516 nunquam
1437 455 1657 500 dominum
1665 462 1787 500 tuum
1802 493 1803 496 ,

306 530 397 559 esse
436 514 478 557 id
519 515 814 570 cogitaturum,
857 513 1014 556 nedum
1050 513 1275 557 facturum.
1333 514 1560 557 Revertere
1587 513 1702 571 ergo’
1729 519 1805 546 -’

307 570 419 629 quod
459 585 553 612 cum
587 570 796 612 audissem
832 569 983 611 tacitus
1021 567 1115 611 ‘deo
1145 570 1337 626 gratias?
1371 570 1464 613 dixi
1501 595 1556 602 —-
1590 573 1647 612 ‘et
1679 567 1810 613 haec

305 635 433 684 atquc
462 626 566 668 haec
601 634 674 668 tuo
703 625 874 667 domino
904 626 1124 679 nunciat03
1169 626 1204 667 si
1244 640 1312 668 me
1350 633 1590 683 compotem
1626 624 1787 680 fecerit,
1808 646 1814 683 j

306 684 317 725 i
352 699 396 725 sc
425 682 584 725 redito'.

322 699 348 740 Ρ
417 740 483 781 32.
537 738 635 781 Cui:
681 736 873 790 ‘Iubeat'‚
918 737 1111 794 inquam,
1162 738 1489 780 ‘sanctissimum
1532 736 1814 795 imperium*

306 801 438 847 tuum,
464 809 532 837 me
547 795 590 835 in
604 793 769 836 Italiam
787 793 868 835 cito
894 792 1106 847 advolare,
1129 799 1244 836 certa
1258 794 1421 836 ratione
1436 793 1560 848 scio‘,
1581 793 1697 852 quod
1711 793 1786 837 do·
1810 797 1813 799 ’

305 851 443 893 minus
473 865 606 904 meus,
638 864 746 906 quae
775 848 867 891 vult
894 849 1118 906 imperium
1148 856 1282 904 tuum,
1323 848 1546 907 compleat,
1584 855 1628 893 et
1652 847 1805 895 laetus*

305 922 384 963 ego
414 905 469 948 ad
497 914 538 949 te
567 906 762 949 redeam’.
821 905 948 958 Quod
987 919 1071 962 qua
1107 912 1247 949 mente
1284 905 1479 959 dixerim,
1513 919 1594 949 nec
1630 905 1812 972 ipsum,

305 961 412 1019 proh
456 961 594 1015 dolor,
637 962 771 1004 latuit.
844 960 954 1003 Nam
998 959 1242 1016 subridens,
1285 960 1413 1004 simul
1454 962 1595 1020 capite
1636 962 1806 1019 munit,

305 1033 456 1075 meque
485 1018 624 1060 terrad
653 1025 777 1060 tenus
798 1032 843 1059 se
864 1017 1110 1060 adorantem
1130 1024 1258 1075 atque
1278 1017 1504 1062 abeuntem
1523 1024 1657 1074 extra,
1685 1017 1790 1062 forie
1808 1072 1809 1076 Ἰ
1837 1068 1838 1073 ¹

306 1089 489 1128 manere,
525 1082 567 1117 at
598 1089 650 1116 ue
679 1073 735 1115 ad
764 1088 952 1127 coenam,
992 1072 1089 1115 allio
1119 1080 1162 1116 et
1191 1088 1297 1131 cepa
1323 1073 1433 1117 bene
1462 1073 1657 1130 olentem,
1695 1074 1789 1119 oleo
1811 1077 1812 1080 ’
1837 1082 1838 1132 ξ

305 1138 346 1173 et
375 1145 478 1187 garo
507 1145 577 1172 sor
609 1129 733 1183 ‘dam,
769 1130 913 1171 venire
943 1130 1151 1186 precepit;
1189 1130 1440 1188 magnisque
1468 1128 1546 1190 die⁴
1566 1129 1640 1173 illa
1666 1130 1791 1176 effeci

336 1186 521 1239 recibus,
571 1193 619 1228 ut
661 1201 814 1228 munus
854 1201 1016 1239 meum,
1067 1185 1182 1243 quod
1224 1201 1351 1243 saepe
1393 1192 1643 1244 aspernatus
1685 1193 1811 1244 erat,

305 1201 551 1299 dignaretur
578 1243 786 1299 accipere.
1801 1259 1804 1277 1

415 1299 484 1341 33.
526 1298 824 1340 Residentibus
854 1298 997 1354 itaque
1025 1296 1148 1340 nobis
1168 1297 1225 1340 ad
1245 1312 1436 1341 mensam
1455 1299 1547 1342 sine
1564 1298 1811 1344 latitudine

305 1353 376 1395 lon
406 1368 489 1407 am,
527 1353 729 1419 pallingie
759 1353 980 1396 latitudine
1009 1360 1178 1408 tectam,
1215 1353 1483 1411 longitudine
1510 1355 1807 1412 seminudam,

305 1425 360 1452 ex
426 1424 579 1464 rancis,
641 1425 694 1451 uo
724 1411 895 1453 nomine
931 1417 1019 1453 tam
1049 1409 1224 1453 Latinos
1261 1425 1389 1468 quam
1423 1411 1638 1456 Teutones
1674 1425 1801 1455 com·-

304 1465 539 1522 prehendit,
582 1425 730 1508 hilium
764 1466 934 1520 habuit3
977 1467 1227 1524 rogavitque
1266 1482 1346 1522 me,
1386 1474 1447 1522 ut,
1491 1482 1577 1526 quo
1613 1468 1659 1511 in
1693 1468 1804 1514 loeo

304 1522 576 1579 episcopatus
604 1523 687 1565 mei
716 1522 865 1565 civitas
895 1528 1019 1577 esset,
1048 1537 1186 1580 quove
1209 1524 1381 1566 nomine
1399 1522 1621 1580 fineretur,
1650 1524 1798 1570 edice·

304 1593 407 1620 rem.
476 1577 574 1621 Cui:
623 1577 871 1631 ‘Cremona'‚
910 1579 1097 1636 inquam,
1136 1578 1338 1622 ‘Eridano
1373 1578 1601 1623 fluviorum
1638 1580 1803 1627 Italiae

303 1635 393 1690 regi
410 1642 421 1664 ¹
463 1635 564 1676 satis
603 1635 756 1676 vicina.
826 1635 884 1677 Et
923 1636 1023 1691 quia
1061 1635 1288 1692 imperium
1324 1641 1447 1678 tuum
1483 1635 1702 1681 chelandia
1736 1645 1793 1682 eo'

304 1691 469 1733 mittere
508 1698 720 1746 properat,
767 1691 902 1747 prosit
935 1691 1039 1733 mihi
1077 1698 1119 1733 te
1158 1691 1329 1747 vidisse,
1402 1692 1507 1735 rosit
1541 1694 1794 1751 agnovisse!

303 1746 374 1788 Da
402 1760 552 1802 pacem
579 1745 686 1801 loco,
716 1754 763 1789 ut
789 1762 868 1833 per
896 1754 937 1790 te
974 1746 1122 1790 saltem
1160 1748 1294 1804 possit
1327 1707 1569 1804 susseistere,
1607 1750 1683 1808 qui
1709 1750 1790 1795 tibi

303 1816 387 1843 non
417 1809 556 1858 potest
584 1802 777 1845 resistere
789 1805 811 1844 .'
843 1803 930 1846 Sed
949 1803 1069 1846 vafer
1087 1802 1156 1846 ille
1176 1804 1280 1846 haec
1300 1805 1522 1862 εἰρωνικῶς
1540 1820 1610 1849 me
1629 1805 1795 1851 dixisse

304 1859 516 1914 cognovit,
545 1857 839 1916 submissoque
867 1859 988 1902 vultu
1024 1875 1068 1902 se
1102 1860 1162 1902 ita
1188 1859 1400 1903 facturum
1435 1862 1642 1918 promisit,
1677 1863 1797 1906 iura-

304 1913 448 1971 vitque
492 1914 594 1955 mihi
669 1929 715 1957 er
751 1916 887 1958 sancti
930 1916 995 1958 sui
1030 1915 1230 1958 virtutem
1269 1916 1448 1981 imperii,
1488 1915 1549 1960 nil
1584 1932 1654 1962 me
1687 1917 1801 1962 mah'»

304 1984 540 2025 passurum,
571 1930 665 2013 sedP
675 1985 877 2028 prospere
906 1972 993 2014 suis
1022 1986 1118 2013 cum
1149 1971 1379 2015 chelandiis
1399 1988 1536 2030 usque
1556 1974 1600 2016 in
1617 1972 1801 2018 Ancho-

302 2026 494 2067 nitanum
522 2032 691 2082 portum
720 2027 804 2070 cito
832 2034 1153 2084 perventurum3
1190 2035 1232 2071 et
1268 2027 1372 2070 mihi
1407 2028 1453 2072 id
1487 2035 1613 2073 tunso
1642 2030 1796 2088 dig-1122v

303 2088 473 2138 pectore
504 2083 669 2125 iuravit.

416 2138 481 2180 34.
526 2138 687 2181 Verum
707 2153 835 2196 quam
855 2141 985 2197 impie
1005 2141 1270 2197 peieraverit,
1290 2141 1625 2187 animadvertite.
1663 2141 1723 2186 H
1745 2163 1782 2181 Ν

304 2199 412 2246 acta,
441 2193 545 2236 haec
571 2194 685 2237 dicta
704 2202 804 2238 sunt
822 2195 1114 2239 decimotertio
1133 2195 1350 2239 Kalendas
1370 2196 1570 2255 Augusti,
1598 2198 1798 2243 secunda

303 2247 407 2290 feria
420 2253 448 2302 ²,
489 2265 572 2315 quo
606 2265 662 2293 ex
700 2251 768 2294 die
802 2266 939 2309 usque
976 2253 1023 2294 in
1059 2267 1220 2294 nonum
1255 2254 1308 2295 sti
1340 2253 1562 2297 endiorum
1597 2254 1704 2298 nihil
1740 2276 1776 2293 :s

305 2317 354 2346 eo
382 2319 536 2362 recepl,
566 2321 665 2349 cum
693 2314 812 2351 tanta
839 2316 952 2351 esset
980 2308 1315 2366 Constantinopo
1334 2310 1344 2319 '
1374 2309 1521 2365 fames,
1559 2317 1608 2354 ut

306 2359 492 2417 quinque
530 2362 709 2405 asseclas
748 2379 865 2407 meos
905 2371 947 2407 et
983 2372 1165 2422 quatuor
1203 2365 1401 2409 custodes
1431 2365 1621 2411 Graecos
1649 2367 1751 2411 tub
1773 2383 1795 2424 :ss

305 2416 444 2458 aureis
487 2432 573 2459 una
615 2433 747 2462 coena
788 2421 1007 2478 nequirem
1049 2420 1236 2464 reficere.
1310 2421 1474 2475 Quarta
1503 2421 1609 2467 feria
1650 2423 1666 2466 i
1720 2425 1731 2434 “
1783 2423 1785 2427 ’

305 2470 596 2516 hebdomadae
615 2475 880 2533 Nicephorus
902 2475 1314 2535 Constantinopolim
1332 2478 1560 2535 egreditur,
1589 2479 1635 2522 in

305 2527 392 2568 rios
452 2529 700 2573 rofecturus.

446 2585 484 2626 5.
529 2585 689 2639 Quinta
730 2588 835 2630 feria
872 2588 1001 2632 frater
1042 2604 1143 2631 suus
1178 2605 1247 2632 me
1286 2591 1520 2646 accersivit,
1564 2606 1693 2658 quem
1726 2593 1782 2635 ἰ’
1824 2601 1827 2614 ¹

307 2640 523 2683 convenit:
567 2641 738 2686 ‘Sancto
775 2644 1028 2700 imperatore
1065 2646 1319 2702 pregresso‘,
1348 2646 1465 2689 domi
1491 2646 1618 2691 hodle
1656 2649 1703 2685 ·'-
1725 2669 1760 2687 ιι

306 2721 336 2755 ι)
358 2722 469 2750 delusit
489 2724 518 2752 C.
539 2725 682 2752 demulsit
702 2727 883 2754 Gieeebreche.
973 2727 1005 2763 b)
1027 2730 1246 2762 Imperatorem
1267 2731 1298 2757 0.
1378 2730 1406 2764 c)
1428 2732 1494 2759 scio
1513 2732 1580 2759 add.
1609 2733 1651 2755 ‘v
1688 2746 1693 2754 ι
1738 2749 1747 2753 ν
1775 2742 1785 2758 r
1824 2758 1826 2767 ,

306 2760 337 2794 d)
360 2766 465 2789 contra
486 2763 514 2790 G.
594 2763 623 2797 e)
645 2765 685 2791 al.
707 2767 806 2799 pallii,
827 2768 866 2793 al.
887 2768 983 2800 palmi
1003 2768 1033 2796 G.
1113 2768 1137 2803 ί)
1159 2770 1329 2802 praemisso
1350 2771 1379 2797 O.
1401 2777 1564 2804 prem-esso
1583 2769 1785 2802 osmer-ew.
1823 2803 1825 2821 ]

310 2835 345 2879 1)
370 2837 479 2882 Verg.
506 2839 637 2884 Georg.
663 2841 693 2883 1,
718 2842 810 2875 482:
845 2843 1049 2877 Fluviorum
1084 2855 1146 2878 rex
1178 2845 1375 2888 Eridanus,
1410 2846 1457 2880 ef.
1489 2847 1573 2882 Ant.
1604 2848 1664 2882 111
1690 2859 1725 2884 c.
1749 2845 1785 2883 ⁹3
1823 2828 1832 2891 ἒ,

307 2887 343 2926 2)
369 2886 460 2921 Vere
485 2887 553 2922 hoe
579 2900 671 2923 anno
699 2890 775 2925 dies
804 2892 860 2925 13.
886 2892 968 2926 Kal.
994 2894 1088 2937 Aug.
1114 2894 1151 2927 in
1177 2895 1371 2929 secundam
1395 2895 1520 2930 feriam
1543 2896 1682 2932 incidit.
1822 2898 1825 2914 ³
