1838 3210
418 250 715 285 LIUDPRANDI
741 250 966 286 LEGATIO.
1020 251 1174 285 19-21.
1474 254 1541 287 145

57 378 168 423 quae
206 369 296 406 erat
329 364 419 407 sine
455 362 675 405 latitudine
708 361 848 419 longa,
887 362 1171 419 Bulgarorum
1208 363 1416 418 nuntium,
1452 363 1620 417 Un-m,

38 458 41 465 ,
52 420 202 478 garico
233 434 350 462 more
379 427 563 472 tonsum,
591 432 724 462 aenea
751 426 900 461 catena
929 419 1127 472 cinctum,
1156 424 1199 462 et
1226 426 1274 462 ut
1297 434 1414 462 mens
1435 420 1540 463 mihi

54 476 261 534 suggerit,
298 475 661 528 catechumenum,
699 473 803 516 mihi
839 475 1053 532 preponit3
1092 473 1148 517 ad
1182 482 1366 518 vestram
1399 475 1537 533 plane,

54 531 216 576 domini
246 532 328 575 mei
357 531 540 597 augusti,
579 529 895 573 contumeliam.
952 531 1003 573 In
1030 529 1153 573 vobis
1183 537 1464 589 contemptus,
1494 533 1538 574 in

32 586 176 631 vobis
205 603 224 630 s
257 594 383 641 retus,
422 603 466 629 m
501 585 623 630 vobis
657 587 862 630 abiectus.
930 586 1016 630 Sed
1052 586 1211 643 gratias
1245 601 1327 645 ago
1365 587 1538 630 domino

52 643 153 687 Iesu
183 643 219 687 C
249 645 365 699 risto,
397 645 466 686 cui
495 657 571 685 vos
601 643 766 686 servitis
802 643 916 686 omni
947 643 1101 700 spiritu
1129 650 1283 696 vesti-0,
1323 642 1438 701 quod
1467 644 1539 686 ha-

49 697 166 743 bitus
185 715 281 742 sum
299 715 378 757 pro
396 700 567 742 nomine
586 707 726 742 vestro
746 698 901 765 dignus
921 698 1196 742 contumelias
1216 700 1317 756 pati.
1361 700 1537 755 Verum,

27 755 214 799 domini
249 757 346 810 mei,
389 770 527 799 meam
565 770 652 798 non
687 754 961 798 considerans
999 755 1074 798 sed
1105 761 1290 798 vestram
1326 756 1537 812 iniuriam,

50 826 243 855 mensam
272 812 436 870 reliqui.
495 810 692 869 Cumque
719 810 944 867 indignans
970 811 1088 854 abire
1117 810 1281 866 vellem,
1310 811 1398 855 Leo
1420 826 1538 856 coro-

32 867 228 927 palates,
256 868 523 925 imperatoris
551 868 692 922 frater,
722 874 764 910 et
791 875 914 924 proto
944 883 970 910 a
998 868 1170 911 secretis
1202 867 1387 922 Simeon,
1457 882 1537 911 one

36 972 38 976 ‚
50 938 120 967 me
167 931 416 983 sequuntur,
462 923 567 967 haec
614 923 831 966 latrantes:
889 923 1015 967 ‘Cum
1063 922 1358 982 Christophori
1436 924 1537 967 liam

32 979 216 1037 Petrus,
253 980 535 1038 Bulgarorum
564 979 760 1033 vasileus,
799 981 1026 1036 coniugem
1062 979 1247 1034 duceret,
1285 979 1535 1038 symphona,

28 1035 98 1080 ,id
126 1044 191 1080 est
233 1036 510 1080 consonantia
544 1038 716 1094 scripta,
752 1037 988 1079 iuramento
1026 1035 1193 1079 firmam
1222 1044 1332 1090 sunt,
1372 1044 1420 1079 ut
1450 1051 1537 1079 om-

20 1092 169 1136 nium
202 1094 394 1151 gentium
432 1092 649 1150 apostolis,
696 1091 741 1134 id
779 1099 843 1135 est
881 1092 1051 1146 nuntiis,
1134 1107 1232 1136 enes
1271 1107 1349 1135 nos
1380 1092 1537 1150 Bulga-

36 1163 195 1194 rorum
221 1163 248 1192 a
279 1148 403 1193 ostoli
431 1155 733 1206 preponantur,
763 1148 1034 1202 honorentur,
1096 1150 1105 1158 ’
1126 1149 1336 1206 igantur¹.
1380 1148 1536 1206 Bulga-

46 1218 192 1250 rorum
236 1206 246 1216 ‘
281 1221 304 1249 e
346 1205 577 1263 apostolus,
621 1218 894 1262 quamquam,
937 1211 986 1247 ut
1027 1203 1136 1248 dicis
1178 1211 1220 1248 et
1263 1219 1410 1247 verum
1458 1212 1534 1259 est,

36 1267 207 1316 tonsus,
243 1261 397 1315 illotus,
433 1267 475 1304 et
502 1268 653 1304 catena
680 1275 813 1303 aenea
848 1261 1012 1304 cinctus
1049 1261 1115 1315 sit,
1151 1261 1355 1317 patricius
1392 1268 1535 1305 tamen

42 1361 45 1366 ,
80 1325 124 1372 t,
159 1319 228 1361 cui
266 1318 515 1375 episcopum
554 1332 802 1375 preponere,
838 1317 1105 1360 Francorum
1173 1317 1379 1371 resertim,
1415 1317 1534 1360 nefas

37 1375 326 1429 ecernimus,
368 1373 620 1417 iudicamus.
692 1372 751 1417 Et
793 1373 994 1430 quoniam
1036 1380 1078 1416 te
1121 1373 1135 1415 i
1210 1372 1384 1430 indigne
1424 1373 1535 1416 ferre

42 1432 357 1497 agnoscimus,
400 1444 485 1472 non
527 1437 569 1474 te
607 1443 732 1484 nunc,
774 1437 821 1472 ut
858 1436 997 1487 putas,
1041 1428 1097 1472 ad
1131 1428 1362 1487 hospitium
1397 1429 1535 1473 redire

46 1489 101 1525 ἰ·
129 1501 236 1542 mus,
276 1486 351 1530 sed
386 1487 430 1529 in
468 1486 698 1529 diversorio
736 1485 921 1543 quodam
960 1500 1057 1529 cum
1097 1486 1363 1542 imperatoris
1400 1486 1535 1529 servis

42 1541 192 1586 u'bum
221 1550 394 1601 gustare
423 1541 741 1600 compellimus’.

40 1643 50 1662 „
157 1611 225 1655 20.
269 1611 437 1666 Quibus
471 1611 526 1655 ob
565 1612 706 1653 incom
738 1609 942 1653 arabilem
979 1609 1116 1652 cordis
1153 1608 1343 1653 dolorem
1380 1609 1440 1652 nil
1469 1624 1534 1653 re·

43 1680 59 1704 t
80 1666 212 1722 ondi,
242 1667 318 1711 sed
348 1681 456 1725 quae
476 1668 687 1711 iusserant
723 1667 806 1720 eci3
837 1664 925 1708 indi
988 1672 1085 1708 um⁸
1115 1665 1306 1709 iudicans
1327 1680 1530 1721 mensam,

30 1746 63 1783 >⁸·
87 1744 120 1760 -e
159 1738 245 1766 non
273 1723 370 1767 dico
400 1723 515 1778 mihi,
545 1723 589 1767 id
618 1730 683 1766 est
711 1722 932 1779 Liudpran
963 1736 987 1764 o
1018 1722 1161 1780 episco
1196 1736 1234 1775 o,
1273 1721 1348 1766 sed
1377 1721 1534 1780 Bulga-

34 1790 52 1794 ··
77 1794 190 1822 rum
218 1780 391 1823 nuntius
419 1786 560 1823 vestro
589 1779 839 1837 preponitur
866 1778 1028 1822 nuntio.
1071 1738 1324 1822 Sedqenivit
1343 1777 1532 1821 dolorem

42 1858 78 1881 υ·
91 1850 190 1879 eum
227 1836 458 1894 imperator
495 1842 665 1878 sanctus
703 1849 877 1878 munere
916 1849 1085 1891 magn0,
1129 1835 1299 1877 mittens
1337 1833 1442 1877 mihi
1478 1849 1534 1877 ex

39 1890 359 1936 affluentissimis
387 1893 492 1935 cibis
521 1893 609 1935 suis
637 1891 821 1935 haedum
881 1891 1067 1948 inguem,
1097 1906 1152 1934 ex
1174 1892 1294 1949 quoi
1327 1905 1372 1934 se
1394 1904 1533 1934 come-

43 1956 182 2003 =erat,
209 1947 320 2003 allio,
350 1963 471 2007 cepe,
490 1949 652 2006 porris¹
667 1946 780 1991 laute
801 1962 851 1990 su
882 1947 1134 2002 arcinatum,
1155 1960 1260 2004 garo
1311 1946 1532 2001 elibutum,

26 2006 64 2058 ἕξ·
87 2018 175 2048 ·em
216 2011 384 2048 vestrae
426 2011 526 2048 tunc
569 2019 739 2048 mensae
776 2004 913 2047 inesse
958 2003 1116 2060 optavi,
1159 2011 1206 2046 ut
1245 2003 1319 2061 qui
1359 2001 1532 2046 delicias

26 2063 82 2114 {221
126 2061 182 2104 cti
212 2061 478 2119 imperatoris
506 2061 667 2104 faustas
694 2074 788 2103 esse
816 2074 902 2103 non
938 2058 1122 2113 creditis,
1163 2058 1311 2102 saltem
1340 2058 1408 2101 his
1439 2073 1532 2116 per-

84 2117 207 2160 ·eetis
235 2116 476 2161 crederetis.

39 2186 49 2208 τ
159 2174 228 2216 21.
270 2173 515 2216 Transactis
562 2187 664 2229 ergo
713 2179 808 2215 octo
856 2170 1020 2225 dicbus,
1074 2186 1173 2214 cum
1222 2169 1397 2237 Bulgari
1445 2171 1531 2213 iam

71 2226 255 2284 bessent,
295 2238 451 2287 putans
486 2243 554 2272 me
589 2243 779 2272 mensam
816 2227 1101 2284 magnifacere
1137 2240 1271 2281 suam,
1307 2242 1351 2269 m
1381 2225 1531 2270 eodem

27 2291 48 2339 ·³“j²
62 2299 140 2329 oco
169 2300 238 2330 me
266 2286 368 2330 satis
396 2291 618 2351 aegrotum
646 2299 790 2328 secum
820 2284 1046 2327 convivare
1067 2283 1218 2341 coegit.
1262 2282 1413 2326 Adfuit
1432 2297 1530 2325 cum

45 2339 239 2386 =luribus
267 2342 480 2400 episcopis
509 2348 553 2384 et
579 2339 820 2399 patriarcha
830 2346 860 2392 ³,
894 2339 1050 2397 quibus
1079 2337 1359 2397 presentibus,
1389 2337 1530 2396 plures

32 2395 150 2440 11.
189 2398 457 2456 quaestiones
493 2396 546 2440 dc
585 2397 805 2455 scripturis
842 2396 972 2439 sacris
1011 2396 1246 2453 proposuit,
1287 2409 1393 2453 quas
1430 2409 1528 2437 cum

36 2456 47 2497 ’ζ
82 2453 200 2497 -iritn
238 2460 384 2497 sancto
422 2452 593 2497 afflante
631 2452 845 2511 eleganter
881 2452 1075 2510 exposui,
1116 2451 1344 2495 novissime
1373 2459 1528 2505 autem,

122 2509 176 2553 de
204 2509 326 2553 vobis
355 2508 502 2553 ludum
532 2508 718 2563 haberet,
749 2523 854 2567 quas
873 2507 1057 2565 synodos
1078 2507 1329 2551 haberemus
1350 2506 1528 2565 rogavit.

88 2566 130 2608 ui
170 2580 266 2608 cum
296 2566 514 2620 Nicenam‚
550 2563 954 2619 chalcedonensem,
991 2563 1263 2622 Ephesinam,
1300 2562 1530 2607 Antioche-

67 2673 80 2709 )
101 2675 258 2709 inditum
279 2676 423 2708 bandum
445 2676 555 2702 amur
575 2676 604 2703 C.

70 2762 87 2810 )
114 2763 169 2798 Cf.
194 2774 300 2809 supra
325 2775 358 2799 c.
386 2764 442 2806 16,
475 2766 555 2798 Ant.
581 2763 638 2798 111
665 2774 695 2798 c.
721 2762 780 2803 88,
808 2762 939 2807 Gom-g.
965 2762 1131 2796 Monach.
1158 2761 1203 2795 de
1231 2761 1464 2795 Constantino
1492 2764 1528 2794 et

84 2823 203 2847 ιιιιιιιο
230 2823 260 2847 c.
289 2813 444 2847 80-84.
494 2813 574 2847 Hoc
603 2812 728 2847 foedus
755 2811 1007 2846 constantinus
1044 2810 1235 2845 admodum
1261 2811 1439 2854 vituperat
1463 2807 1526 2851 (de

61 2863 177 2909 imin.
202 2863 286 2907 imp.
313 2872 344 2896 c.
374 2862 429 2904 18,
454 2873 489 2908 p.
516 2861 592 2904 87).
692 2862 731 2903 2)
758 2860 813 2896 cf.
839 2860 929 2895 infra
956 2871 987 2894 c.
1014 2860 1073 2894 82.
1100 2860 1159 2893 40.
1260 2859 1296 2902 8)
1319 2858 1526 2893 Patr-iareb·

32 2954 35 2956 η
67 2919 103 2944 e
128 2909 194 2944 fuit
219 2910 444 2955 Polyeuetm.
471 2910 508 2946 C.

1183 2975 1225 3008 10
