1838 3210
322 250 367 283 96
517 245 818 282 LlUDPRANDI
846 241 1192 278 ANTAPODOSIS.
1244 240 1338 275 LIB.
1364 240 1427 275 1v.
1478 238 1635 275 28-20.

242 373 310 403 0⁸9.
322 360 636 419 apologeticum
667 356 803 399 dedit:
840 353 932 408 ιΙΙΙί,
963 353 1068 411 quid
1097 368 1226 419 super
1254 351 1334 394 hac
1371 365 1416 394 re
1445 350 1638 405 sentiam,
1665 349 1786 396 verb‘

323 419 414 475 ipse
443 415 584 473 potius
613 411 838 469 explicabo
869 424 996 467 quam
1026 409 1208 452 nuntiis'.
1249 406 1377 461 Quod
1397 407 1471 464 qui
1497 406 1575 450 hos
1593 405 1744 451 direxe

322 472 512 526 audiens,
542 471 733 512 inmensa
762 475 825 510 est
852 466 983 509 animi
1013 465 1191 508 affectus
1220 462 1372 518 leticia,
1402 476 1593 520 sperans,
1621 476 1668 507 se
1691 477 1795 521 qn.»

323 534 575 594 poposcerat
618 527 878 581 impetrasse.
943 521 1068 564 Unde
1106 527 1148 564 et
1182 526 1353 563 morae⁸
1394 519 1628 577 inpaciens,
1663 532 1796 577 regen

322 583 424 638 adit,
453 596 637 639 eumque
673 579 931 622 sentenciam
974 591 1103 634 super
1136 576 1218 618 hae
1256 590 1301 618 re
1332 588 1532 641 promere
1566 574 1796 642 postula'

323 639 406 683 Cui
449 653 537 690 rex,
582 634 739 694 populo
781 635 1103 677 circumstante:
1161 630 1415 686 ‘Oboedire',
1458 631 1610 689 inquit,
1683 651 1689 669 ι
1726 652 1761 683 Ἀ;

323 702 488 753 oportet
522 693 602 736 deo
641 689 1064 749 quam,hominibuS.
1142 688 1250 741 Quis
1296 688 1409 731 enim
1447 699 1600 730 sanum
1640 687 1777 754 sapi

183 753 520 808 ·p.s2⁶.ignorat*,
550 757 591 792 te
620 748 723 790 haec
752 760 837 789 non
867 745 1082 803 petitionis
1112 743 1347 786 humilitate
1372 742 1448 786 sed
1470 743 1786 787 comminatio-⁶

112 808 215 836 ”⁸¹⁰¹-
236 810 262 843 ⁷›
280 806 571 850 “auctoritate
601 803 787 846 dixisse?
818 802 1034 858 Scriptum
1065 808 1146 843 est:
1175 798 1316 842 Nolite
1346 805 1542 842 sanctum
1565 798 1669 843 dare
1707 818 1734 836 vs
1761 799 1801 836 ι’.

322 863 416 906 bus.
475 860 602 915 Quod
640 859 834 917 quamvis
862 873 887 900 a
917 856 1163 900 doctoribus
1200 853 1443 913 spiritaliter
1479 852 1755 912 intellegend
1781 877 1799 891 ι.

324 933 416 962 esse
446 917 701 975 predicetur,
732 928 811 970 ego
847 921 990 956 tamen
1025 913 1126 955 satis
1163 926 1231 954 me
1267 910 1370 954 dare
1408 917 1604 954 sanctum
1632 909 1802 962 canii>v

324 988 489 1027 censeo,
519 973 554 1014 si
584 971 935 1013 monasteriorum
966 968 1127 1068 predia,
1158 982 1269 1025 quae
1297 982 1324 1010 a
1351 965 1561 1023 religiosis
1589 967 1701 1011 viris
1738 988 1744 1005 ·
1768 988 1787 1026 :-
1832 997 1833 1001 =

323 1037 421 1072 sunt
442 1027 718 1071 militantibus
738 1025 903 1079 tradita,
924 1031 969 1068 tu
987 1039 1072 1078 ero,
1093 1023 1324 1080 seculoque
1343 1022 1623 1066 militantibus
1642 1022 1743 1076 ded*
1773 1034 1788 1053 ³
1832 1023 1834 1060 ἵ

323 1085 421 1128 Tibi
469 1099 569 1127 vero
617 1091 703 1126 tam
748 1082 983 1139 procaciter
1023 1081 1181 1123 iniusta
1223 1079 1396 1137 petenti,
1444 1078 1526 1122 sub
1569 1080 1772 1123 testimnx

324 1142 451 1184 totius
480 1139 640 1197 populi,
677 1154 755 1181 nec
791 1138 871 1180 hoc
905 1153 984 1180 nec
1019 1136 1137 1179 aliud
1175 1143 1217 1178 te
1255 1149 1460 1192 umquam
1495 1149 1522 1178 a
1557 1149 1628 1179 me
1662 1148 1784 1179 acce

324 1204 467 1240 turum
497 1211 588 1238 esse
618 1194 831 1238 testificor.
892 1194 937 1237 Si
959 1193 1079 1236 cordi
1099 1192 1176 1235 tibi
1197 1199 1260 1234 est
1280 1191 1431 1235 ceteris
1449 1204 1549 1234 cum
1568 1189 1790 1236 infidelib·

323 1251 504 1306 avolare,
536 1258 692 1308 quanto
723 1251 861 1304 citius,
890 1257 1006 1292 tanto
1028 1249 1204 1292 melius’.
1264 1247 1345 1290 His
1363 1246 1535 1300 auditis,
1564 1247 1668 1304 quia
1710 1268 1714 1284 s
1738 1269 1755 1283 ι
1777 1279 1786 1285 .

324 1308 478 1351 mentis
513 1315 576 1350 est
619 1306 841 1371 speculum
890 1305 1070 1359 cordisb,
1119 1304 1421 1347 verecundiam
1466 1302 1611 1347 vultus
1657 1301 1758 1347 rub
1801 1338 1804 1340 .

324 1364 514 1417 nudavit,
545 1369 821 1427 concltusque
850 1362 962 1418 regis
995 1361 1051 1404 ad
1087 1360 1220 1418 pedes
1259 1373 1462 1403 corruens
1513 1372 1560 1402 se
1608 1379 1645 1397 ιι
1713 1380 1792 1397 ;..;

325 1435 370 1463 se
397 1420 583 1477 graviter
612 1417 693 1461 deli
727 1432 853 1471 ulsse‚
884 1417 1102 1460 confessus
1132 1424 1208 1459 est.
1275 1391 1499 1481 Perpende
1530 1415 1689 1472 itaque,
1726 1429 1774 1473 q
1828 1408 1835 1492 ἶ

326 1475 587 1518 constanti-20
625 1474 709 1516 adh
725 1480 794 1517 eta
828 1474 896 1516 dei
938 1488 1023 1516 non
1065 1471 1202 1515 solum
1245 1470 1438 1515 visibiles
1492 1485 1643 1515 verum
1695 1492 1702 1509 ι
1752 1492 1834 1518 :122

326 1530 558 1575 invisibiles
588 1537 776 1573 conterat
804 1530 964 1584 hostes3
1005 1530 1206 1586 antiquus
1241 1528 1398 1571 etenim
1431 1504 1565 1571 bostis
1599 1540 1687 1570 non
1714 1541 1757 1571 e·
1782 1548 1801 1565 w
1828 1503 1835 1604 l

326 1603 371 1631 se
414 1588 612 1629 nocuisse
656 1587 833 1643 putavit,
874 1586 977 1628 dum
1020 1591 1082 1627 tot
1122 1584 1390 1627 fortissimos·
1410 1583 1625 1642 principes
1667 1596 1770 1626 cnm

326 1642 444 1685 illum
466 1657 638 1699 surgere
658 1643 880 1699 persuasit,
901 1641 1073 1684 fratrem
1094 1642 1234 1695 etiam,
1262 1641 1336 1698 qui
1356 1640 1395 1682 ei
1414 1651 1596 1698 regnum
1614 1638 1730 1683 auf⁴
1767 1660 1800 1677 2*—
1828 1623 1834 1672 l

326 1699 555 1756 instigavit,
631 1699 801 1740 uoniam
845 1698 1058 1740 exteriora
1101 1697 1206 1739 haec
1250 1711 1342 1739 esse
1392 1695 1551 1739 damna
1595 1696 1797 1754 cognovi
1829 1685 1834 1713 ¹

326 1754 440 1797 unde
469 1762 511 1797 et
539 1769 614 1811 pre
631 1761 748 1796 atum
778 1755 976 1796 comitem
1015 1753 1071 1796 ad
1105 1752 1390 1809 expetendam
1424 1758 1669 1795 sanctorum
1696 1750 1743 1794 h
1783 1758 1799 1807 }
1829 1751 1834 1786 ἔ

327 1810 501 1853 ditatem
530 1811 734 1863 incitavit,
766 1811 966 1867 quatinus
995 1824 1045 1852 eo
1075 1824 1153 1851 rex
1181 1808 1372 1851 velocius
1411 1807 1616 1851 offensam
1654 1806 1725 1851 dei
1754 1808 1765 1818 '
1781 1810 1805 1850 «i
1829 1787 1834 1831 l

327 1874 526 1920 curreret,
557 1880 642 1923 quo
673 1881 893 1908 servorum
932 1865 1000 1908 dei
1036 1864 1249 1922 stipendia
1287 1865 1378 1907 suis
1414 1865 1572 1908 iniuste
1606 1861 1792 1907 militib
1828 1838 1833 1895 l

326 1922 521 1965 traderet.
585 1922 742 1964 Verum
773 1923 872 1978 quia
902 1922 1107 1978 nequivit,
1137 1934 1265 1975 nunc,
1295 1926 1503 1978 quantum
1530 1931 1609 1964 rex
1635 1940 1641 1957 ;
1703 1939 1734 1956 *a
1760 1939 1765 1955 ι
1788 1900 1834 1955 *Ι

327 1978 381 2021 ob
424 1978 709 2035 temptationis
753 1977 880 2020 huius
924 1977 1205 2020 constantiam
1249 1976 1329 2020 deo
1370 1988 1450 2034 pro
1493 1990 1540 2019 se
1581 1990 1611 2033 p
1649 1996 1714 2028 ;=.:
1740 1997 1745 2013 ι
1769 1998 1798 2015 ·-
1829 1967 1834 2006 ἵ

327 2034 518 2088 creverit,
548 2035 593 2075 in
622 2033 810 2076 medium
840 2035 1118 2091 proferamus.
1828 2019 1833 2107 Ι

239 2102 312 2137 (16.)
438 2091 506 2132 29.
564 2089 708 2132 David
737 2097 906 2132 sanctus
935 2105 989 2132 ex
1008 2104 1191 2146 persona
1210 2088 1372 2131 domini
1392 2088 1516 2132 dicit:
1543 2087 1608 2131 ‘Si
1628 2098 1716 2146 pop
1743 2110 1749 2125 ε
1774 2111 1779 2124 ›
1829 2111 1833 2137 ξ

145 2142 193 2168 ¹²⁸·
207 2141 312 2175 ⁸⁰‘¹⁴·
327 2160 445 2188 meus
473 2145 661 2188 audisset
690 2161 771 2200 me,
815 2145 974 2189 Israhel
1011 2146 1047 2187 si
1082 2146 1128 2187 in
1162 2146 1244 2187 viis
1278 2145 1385 2187 meis
1418 2142 1691 2199 ambulasset,
1748 2164 1754 2181 ι
1787 2154 1794 2160 ·
1828 2139 1833 2163 ³

327 2199 483 2243 nichilo
511 2200 686 2243 forsitan
715 2202 939 2244 inimicosd
975 2216 1123 2243 eorum
1158 2200 1463 2255 humiliassem,
1497 2206 1540 2244 et
1576 2209 1707 2259 supet
1752 2220 1761 2233 ,
1790 2211 1799 2237 1
1828 2176 1833 2269 ε

327 2255 519 2299 bulantes
550 2271 621 2300 eos
656 2258 865 2300 misissem
904 2272 1077 2300 manum
1114 2256 1277 2300 meam'.
1348 2255 1476 2311 Quod
1513 2257 1560 2299 in
1587 2255 1678 2299 hoe
1711 2263 1719 2268 ”
1744 2269 1803 2307 221
1829 2271 1833 2291 ÷

329 2311 547 2354 dominum
576 2313 773 2355 audiente
803 2320 931 2370 atque
967 2315 1011 2355 in
1045 2314 1127 2355 viis
1162 2314 1254 2356 eius
1293 2311 1538 2356 ambulante
1571 2324 1665 2354 esse
1699 2325 1743 2354 e
1766 2333 1799 2349 2..
1828 2294 1833 2388 ἶ

327 2365 502 2423 pletum,
532 2382 659 2424 quam
679 2376 954 2426 prompturus
975 2383 1082 2423 sum,
1114 2370 1222 2411 ratio
1243 2368 1490 2412 declarabit.
1539 2367 1795 2422 Ησνθηῄίῇ
1829 2389 1833 2432 5

327 2430 455 2479 atque
493 2422 768 2479 Gislebertus,
812 2424 960 2468 audito
996 2439 1141 2481 regem
1176 2426 1221 2468 in
1256 2424 1421 2467 Alsatia
1460 2434 1567 2479 esse,
1611 2436 1687 2481 qn
1710 2424 1740 2462 ιε’

327 2480 550 2533 neminem,
611 2481 654 2522 ui
685 2481 746 2522 eis
781 2481 1007 2534 resisteret,
1046 2480 1314 2535 verebantur,
1358 2489 1596 2538 permagno
1646 2501 1692 2517 m·
1716 2498 1788 2516 mc
1829 2471 1833 2536 ξ

327 2535 529 2588 exercitu,
558 2535 597 2577 R
627 2537 694 2578 eni
713 2535 882 2579 alveum
902 2537 957 2579 ad
977 2536 1259 2580 Andemacha
1279 2542 1610 2593 pertranseunt,
1644 2536 1745 2587 *2⁶³³
1770 2550 1789 2573 ,ς
1829 2537 1833 2589 1

327 2588 471 2632 fideles
501 2591 834 2649 circumquaque
864 2592 1056 2636 demoliri
1086 2592 1335 2650 procedunt.
1395 2591 1513 2635 Huto
1541 2605 1657 2646 sane,
1686 2590 1756 2635 He
1792 2624 1794 2627 -
1829 2592 1832 2620 '

327 2646 470 2687 manni
499 2645 736 2690 Suevorum
766 2648 888 2691 ducis
917 2648 1056 2702 frater,
1086 2662 1251 2691 necnon
1281 2655 1324 2691 et
1348 2646 1632 2691 Ohuonradus
1666 2667 1729 2699 νη
1751 2665 1785 2685 ι.
1828 2621 1833 2719 l

326 2707 468 2743 mento
499 2701 691 2758 Sapiens,
721 2719 828 2761 quos
857 2705 1052 2760 superius
1082 2706 1173 2761 regi
1197 2704 1386 2746 diximus
1407 2718 1500 2746 esse
1518 2702 1678 2758 fideles,
1706 2718 1743 2745 1
1777 2702 1789 2714 ‘
1828 2722 1832 2760 ff

1827 2762 1832 2786 ⁸

327 2807 358 2880 ἓξ
380 2815 467 2874 :ntimo¹
487 2810 514 2836 1.
545 2851 558 2875 ¹
612 2811 642 2844 b)
662 2815 727 2844 pose
748 2813 859 2839 mentis
881 2816 905 2838 et
925 2816 989 2846 post
1011 2813 1112 2839 cordis
1130 2816 1238 2845 puncta
1261 2813 1401 2839 hahentur
1425 2813 1448 2838 1.
1561 2811 1590 2846 e)
1611 2812 1778 2840 cosmus*
1798 2840 1801 2845 ,
1828 2786 1832 2834 i

393 2855 412 2874 n
427 2855 455 2874 m
470 2855 523 2875 ens
564 2867 571 2874 .
