1838 3210
245 215 313 248 168
659 209 959 245 LIUDPRANDI
986 210 1212 246 LEGATIO.
1264 209 1325 243 65.

159 326 377 369 ooodonen
412 338 438 367 a
476 323 639 381 prefato
679 323 822 365 Leone
868 321 1052 364 kitonita
1087 321 1261 364 nuntius
1302 321 1440 375 venit,
1487 320 1562 378 qui
1596 318 1730 376 illum,

110 390 175 415 ¹⁸1¹·
200 389 318 424 ⁷·cur
355 394 423 423 me
464 386 719 432 moraretur,
758 377 1011 433 obiurgavit.
1077 377 1236 419 Verum
1277 391 1375 419 cum
1416 376 1733 434 obiurgatione·
1798 398 1801 399 ⁷

96 440 398 490 ·p.sea.'meas,
433 435 616 478 lamenta
655 441 696 477 et
736 432 919 490 suspiria
954 446 1050 475 mea
1087 431 1197 476 ferre
1234 447 1319 474 non
1355 438 1512 490 posset,
1546 433 1734 487 revomit,
1798 452 1800 454 ·

243 506 396 549 meque
425 491 584 534 homini
614 498 699 534 tam
730 490 875 545 iniquo
897 494 939 530 et
957 489 1145 544 pessimo
1165 488 1494 544 commendavit,
1523 494 1573 531 ut
1589 501 1734 546 sump-

244 556 310 591 tus
340 546 488 590 saltem
518 562 585 590 me
614 560 753 588 emere
782 559 867 586 non
896 544 1171 600 permitteret,
1200 543 1338 587 donec
1366 558 1394 586 a
1421 559 1490 588 me
1513 544 1732 610 cortinam,
1804 554 1805 558 ’

243 603 376 646 librae
405 603 567 659 argenti
596 601 731 658 pretio
762 600 949 656 dignam,
979 600 1204 656 acciperet,
1241 607 1283 643 et
1312 614 1410 642 cum
1448 607 1548 657 post
1581 599 1734 657 viginta

244 660 334 702 dies
371 659 469 701 inde
504 657 777 710 discederem,
814 655 988 697 nuntius
1026 655 1131 711 ipse,
1173 656 1242 697 cui
1278 656 1482 698 cortinam
1518 654 1734 710 (lederun,

244 714 443 757 nauclero
472 714 606 766 iussit,
636 720 683 756 ut
711 719 809 768 post
836 711 1053 764 acroteria,
1083 710 1127 753 id
1157 717 1221 753 est
1244 712 1584 768 promontorium
1602 709 1736 770 quod·

245 771 357 825 dam,
387 785 455 812 me
485 770 670 826 positum
706 769 818 811 fame
856 767 996 824 perire
1032 767 1307 824 permitteret.
1371 767 1468 810 Hoc
1505 772 1650 811 autem
1684 780 1736 811 eo
1804 791 1806 794 >

245 827 357 880 fecit,
388 826 602 883 quoniam,
631 839 685 867 ne
712 837 926 881 purpuras
955 821 1156 865 haberem
1176 821 1462 878 absconditas,
1490 837 1589 867 mea
1605 821 1736 881 pallia
1796 832 1798 834 ’

245 883 466 939 regiravit,
496 896 551 924 ex
611 881 737 923 uibus
765 879 868 922 dum
897 893 1029 920 unum
1059 877 1187 921 vellet
1213 878 1306 921 acci
1339 894 1423 933 ere,
1451 893 1538 922 non
1555 878 1735 937 accepit.

247 938 286 981 O
316 937 563 990 Michaeles‚
640 934 836 988 ichaeles,
875 934 949 976 ubi
983 949 1060 977 vos
1098 942 1161 977 tot
1200 935 1311 976 simu
1353 933 1545 992 talesque
1572 949 1619 979 rc
1675 934 1736 978 ri!

246 993 402 1036 Custos
432 1007 552 1035 meus
581 991 650 1035 ille
680 989 1173 1047 constantinopolitanus
1202 989 1401 1033 Michaeli
1426 1005 1505 1034 suo
1523 990 1592 1034 riv
1636 991 1646 1001 '
1667 1004 1737 1034 me

246 1048 571 1101 commendavit,
602 1046 737 1089 malus
757 1047 955 1104 pessimo,
976 1045 1188 1103 pessimus
1209 1046 1370 1103 iniquo.
1409 1045 1592 1090 Michael
1611 1059 1738 1090 voca-
1803 1059 1804 1062 ’

245 1111 314 1147 tus
343 1110 407 1147 est
435 1110 477 1147 et
505 1104 710 1146 diasostes
729 1117 863 1156 meuS,
891 1102 1018 1144 homo
1039 1101 1212 1159 quidem
1233 1101 1430 1159 simplex,
1450 1102 1573 1145 cuius
1591 1108 1739 1147 sanc&

247 1160 496 1217 simplicitas
538 1166 702 1202 tantum
746 1158 851 1200 mihi
888 1172 997 1214 pene
1033 1158 1192 1211 nocuit,
1237 1165 1444 1215 quantum
1478 1163 1522 1201 et
1557 1158 1737 1202 istorum
1798 1206 1800 1210 ,
1836 1162 1838 1176 ¹

278 1217 514 1259 erversitas.
573 1214 660 1258 Sed
690 1213 744 1257 ab
783 1213 850 1256 his
887 1212 1080 1270 parvulis
1109 1213 1391 1257 Michaelibus
1424 1214 1589 1272 impegi
1620 1214 1668 1258 in
1693 1220 1738 1258 te

292 1271 498 1315 ichaelem
528 1285 743 1327 magnum,
774 1270 1143 1324 semiheremitam,
1175 1269 1554 1313 semimonachum.
1609 1269 1738 1326 Dico,

247 1334 289 1370 et
316 1343 466 1371 verum
503 1326 621 1370 dico:
651 1340 736 1368 non
772 1325 962 1383 proderit
997 1324 1075 1368 tibi
1113 1324 1335 1381 balneum,
1403 1340 1460 1369 uo
1497 1330 1541 1370 te
1566 1325 1739 1369 assiduo

246 1390 369 1440 potas
398 1384 443 1425 in
471 1397 617 1425 amore
645 1382 761 1426 beati
788 1381 990 1424 Iohannis
1027 1382 1305 1438 precursoris.
1406 1382 1452 1424 ui
1488 1382 1602 1426 enim
1639 1380 1738 1425 fiete

247 1440 374 1482 deum
404 1445 624 1496 quaerunt,
662 1453 880 1494 nunquam
915 1438 1110 1480 invenire
1147 1444 1389 1480 merentur*
1392 1469 1737 1483 .........

789 1647 1208 1704 EPITAPHIA

629 1746 973 1789 ADELBERTI
1001 1746 1080 1788 ET
1108 1745 1360 1789 BERTAE.

976 1839 998 1880 Ι

359 1909 386 1961 †
418 1906 502 1949 Hic
530 1905 679 1970 populi
707 1905 823 1962 leges
853 1906 947 1948 saxi
976 1905 1057 1948 sub
1086 1905 1197 1948 mole
1227 1905 1431 1963 sepultae,

471 1961 557 2003 Hic
586 1976 652 2003 ius
680 1976 853 2018 paxque
882 1962 1003 2016 iacet,
1032 1961 1102 2003 hic
1131 1962 1293 2018 patriae
1323 1961 1542 2005 auxilium.

413 2017 498 2059 Hic
528 2016 684 2060 chubat
712 2016 779 2059 ala
809 2023 979 2059 scutum
1009 2015 1129 2059 dolor
1156 2016 1415 2075 lacrimeque
1443 2023 1626 2076 reposto,

471 2072 557 2114 Hic
587 2071 736 2115 oculus
765 2073 867 2127 ceci,
897 2072 967 2115 hic
996 2073 1132 2129 pietas
1161 2073 1303 2127 vidue,

365 2139 384 2172 5
416 2129 498 2171 Pes
530 2126 668 2170 claudi
710 2129 842 2171 vestis
870 2128 988 2182 nudi,
1019 2127 1208 2171 solamen
1237 2129 1363 2186 egeni

472 2183 626 2226 Noster
653 2160 920 2238 Adelbertus‚
950 2185 1041 2226 dux
1069 2185 1167 2242 pius
1195 2191 1325 2241 atque
1352 2183 1505 2228 bonus.

418 2238 628 2282 Gentibus
657 2241 846 2282 externis
877 2241 1003 2282 timor
1030 2246 1159 2297 atque
1188 2254 1326 2297 pavor
1354 2240 1628 2297 minitandus,

471 2293 680 2337 Militibus
710 2296 894 2353 propriis
923 2295 1059 2353 gloria
1087 2310 1256 2338 summa
1285 2297 1385 2339 suis.

420 2348 560 2402 Quam
589 2350 708 2393 fortis
737 2351 875 2405 fuerit,
904 2358 1115 2394 noverunt
1142 2351 1291 2394 ultima
1320 2351 1427 2406 Tile,

340 2415 389 2449 10
476 2405 573 2458 Qua
600 2407 756 2462 pietate
784 2407 876 2459 fuit,
907 2407 1048 2450 dicere
1077 2407 1225 2463 lingua
1252 2408 1414 2465 nequit.

418 2459 471 2502 In
499 2468 611 2504 sesto
641 2461 807 2504 decimo
839 2463 1090 2520 Septembre
1117 2469 1291 2507 notante
1319 2462 1517 2506 calendas

474 2515 561 2558 Hic
589 2519 733 2573 posuit
761 2519 952 2562 membra
979 2518 1154 2562 funereo
1182 2520 1357 2576 gemitu.

420 2570 614 2628 Quisque
642 2572 748 2629 legis
777 2574 1001 2629 tumulum,
1031 2573 1255 2632 culparum
1282 2574 1394 2617 facta
1422 2589 1595 2618 suarum

476 2626 587 2670 Ante
616 2628 745 2671 delun
774 2630 919 2683 recita,
948 2631 992 2672 in
1022 2631 1307 2688 precibusque
1336 2631 1440 2676 iuva
1450 2639 1478 2673 ¹.

255 2708 284 2742 a)
309 2710 352 2735 hic
372 2710 514 2736 nonnulla
536 2712 668 2738 excidisse
685 2716 775 2745 patet.

259 2771 294 2814 1)
319 2773 521 2808 Bethmann
557 2774 745 2819 descripsit
775 2777 898 2810 Lucae
933 2788 976 2810 ex
1006 2777 1127 2821 lapide
1159 2779 1197 2811 in
1228 2778 1377 2812 aedibus
1404 2778 1441 2812 S.
1467 2778 1613 2812 Martini
1638 2788 1739 2812 mmo
1775 2777 1779 2779 ’
1824 2781 1827 2785 ’

255 2821 407 2864 inposito
434 2821 480 2854 ad
506 2822 663 2856 dextram
690 2825 844 2858 intranti.
897 2826 970 2859 Sed
1003 2826 1183 2860 literarum
1217 2826 1330 2860 forma
1360 2826 1590 2861 undecimum
1621 2827 1740 2872 potius

256 2869 437 2902 saeculum
463 2880 587 2915 sapere
614 2872 765 2906 videtur.
807 2873 1006 2908 Ediderunt
1022 2875 1179 2918 Ughelli,
1205 2875 1312 2908 Italia
1328 2886 1431 2909 sacra
1449 2877 1478 2917 I,
1504 2875 1596 2918 8023
1620 2876 1741 2916 Mura-
1776 2895 1779 2898 .
1831 2892 1832 2895 ¹

256 2918 333 2958 tori,
358 2917 526 2953 Thesaur.
554 2921 713 2965 inscript.
742 2921 847 2963 1820,
874 2924 915 2964 5;
941 2924 1151 2967 Fiorentini,
1184 2923 1356 2958 Memor-ie
1383 2925 1418 2958 di
1445 2924 1596 2959 Matilda
1620 2935 1657 2970 p.
1683 2924 1744 2959 35.
1777 2922 1780 2927 ’
1822 2929 1826 2945 ’
