1838 3210
1809 71 1821 92 sa<
1801 0 1823 66 &53³3

363 190 407 223 58
567 187 865 222 LIUDPRANDI
893 183 1239 220 ANTAPODOSIS.
1290 183 1384 218 LIB.
1411 183 1479 218 111.
1530 183 1640 219 5-8.

282 313 346 341 ou.
363 309 409 344 ut
436 298 651 343 letabundi
682 304 879 341 canerent
908 311 1002 339 cum
1034 294 1259 353 propheta:
1290 294 1396 338 ‘Hec
1415 300 1480 338 est
1498 295 1721 340 inmutatio
1741 295 1827 341 dex

178 354 227 380 Ρ*
243 354 288 385 '⁸⁹
303 354 347 380 ¹¹·
361 364 474 400 terac
502 354 644 399 exelsi'
661 363 686 395 ¹.

295 434 348 469 (2.)
474 425 512 465 5.
570 423 762 465 Accessit
791 421 844 463 ad
874 420 954 462 hoc
983 433 1273 485 magnumque
1303 419 1511 486 iuyamen
1534 418 1706 477 prebuit
1724 433 1828 487 sano

363 481 535 523 tissimi¹¹
566 479 695 535 patris
736 477 866 520 nostri
905 477 1173 532 doctorisque
1203 489 1369 541 egregii·
1399 474 1514 519 beati
1553 474 1585 519 S
1718 490 1808 520 cm.

362 537 405 578 in
444 535 605 593 prefata
648 532 751 576 urbe
794 533 1064 598 requiescunt
1104 530 1312 573 exuviaeb
1357 532 1602 575 intercessio
1689 532 1793 576 orio
1812 554 1828 559 ··

362 591 426 634 Ac
468 606 520 632 ne
563 590 654 633 eius
697 589 943 631 vaticinium
987 586 1213 642 falleretur,
1243 586 1437 643 predicta
1473 587 1575 631 urbs
1603 587 1667 631 Pa
1698 588 1752 643 ia,
1794 600 1829 632 ιι

362 647 540 700 caderet,
570 653 633 688 est
662 644 839 701 inpulsa,
869 658 1018 687 verum
1038 642 1367 686 misericorditer
1394 657 1421 686 a
1449 643 1622 687 domino
1650 602 1805 689 istem

361 703 514 746 Missus
557 700 755 758 equidem
803 700 1103 765 predicationis
1150 699 1289 797 {satia
1329 713 1356 742 a
1397 699 1522 743 beato
1563 699 1782 758 Hei-mago
1831 738 1833 740 .

362 756 651 815 euuangeliste
693 756 826 799 Marci
875 754 1104 812 discipulo,
1200 755 1343 812 apiam
1390 754 1663 800 beatissimus
1708 770 1765 814 pa
1793 777 1811 794 ·-·

362 813 603 856 huiusmodi
632 827 723 856 eam
755 811 1006 869 propheciae
1034 811 1185 868 spiritu
1214 811 1410 868 presagio
1438 810 1713 856 honoravit²t

472 882 511 923 6.
570 879 805 923 ‘Delectarc
834 879 1017 937 gaudiis,
1047 879 1149 922 urbs
1178 880 1327 937 Papia,
1393 879 1466 922 uia
1491 881 1636 924 veniet
1670 878 1751 924 tibi
1795 912 1799 916 .

362 938 545 980 externis
589 937 802 978 montibus
841 934 1059 979 exultatio.
1130 934 1227 977 Non
1269 949 1376 978 voca
1408 936 1491 979 eris
1532 936 1719 991 minima,
1774 957 1828 973 κε

362 994 532 1049 copiosa
560 994 603 1034 in
632 992 820 1034 finitimis
850 991 1117 1035 civitatibus'.
1185 991 1244 1034 Et
1282 997 1330 1034 ut
1357 991 1438 1035 hoc
1475 992 1567 1035 eius
1594 992 1768 1036 vaticini
1810 1012 1832 1029 υτ

361 1048 523 1090 firmius
561 1048 812 1102 crederetur,
851 1046 1104 1105 Aquilegiae
1139 1062 1224 1090 non
1267 1049 1437 1113 ignotae
1479 1048 1662 1092 civitatis
1697 1062 1768 1091 aas
1812 1071 1832 1084 ··

361 1104 439 1147 hac
482 1103 629 1147 eadem
676 1102 779 1146 hora
826 1118 1019 1146 sermone
1061 1103 1306 1146 huiusmodi
1351 1104 1586 1148 nuntiavit:
1643 1103 1722 1148 ‘Ve
1750 1103 1829 1148 ti··

361 1159 601 1217 Aquilcgia,
645 1161 745 1217 quia
784 1173 881 1202 cum
911 1161 1138 1217 impiorum
1159 1161 1383 1203 incesseris
1402 1174 1570 1215 manus,
1599 1159 1770 1204 destrue
1794 1161 1806 1171 ‘

362 1230 439 1259 nec
468 1215 577 1258 ultra
605 1215 874 1259 reaedificata
903 1215 1155 1272 consurges’.
1200 1216 1328 1270 Quod
1356 1217 1418 1259 ita
1445 1231 1540 1260 esse
1569 1214 1755 1274 complet
1797 1237 1833 1254 n·

361 1272 524 1315 visibus
553 1278 701 1328 patens
729 1273 836 1314 ratio
866 1272 1118 1315 manifestat.
1161 1271 1393 1330 Aquilegia
1418 1285 1618 1331 namque,
1645 1271 1786 1330 predi·
1807 1294 1813 1310 ι

360 1335 487 1384 atque
526 1328 716 1369 inmensa
753 1326 853 1370 olim
889 1329 1051 1383 civitas,
1094 1329 1149 1372 ab
1185 1329 1438 1386 impiissimo
1477 1327 1704 1372 Hunorum
1741 1343 1832 1372 re

358 1382 490 1426 Attila
533 1384 699 1440 capitur
741 1397 790 1425 ac
826 1383 1017 1426 funditus
1056 1384 1158 1426 dissi
1191 1391 1300 1439 atur,
1341 1398 1421 1427 nec
1459 1383 1636 1428 ulterius
1648 1392 1678 1440 ⁶,
1721 1390 1770 1428 ut
1822 1430 1826 1431 ⁷

359 1440 663 1495 presentiarum
694 1440 889 1494 cernitur,
920 1439 1130 1495 elevatur3
1197 1441 1296 1498 apia
1324 1455 1442 1495 vero,
1471 1447 1520 1484 ut
1537 1441 1604 1484 vir
1631 1455 1709 1484 san
1745 1461 1782 1478 a:
1798 1461 1827 1477 :w

361 1510 454 1537 mus
492 1494 669 1549 dixerat,
710 1496 881 1552 copiosa
920 1503 963 1539 et
999 1495 1208 1553 apellatur
1244 1504 1287 1540 et
1324 1497 1529 1551 cernitur3
1576 1511 1663 1540 non
1705 1495 1769 1540 sol
1820 1497 1823 1502 ’

362 1552 519 1608 quippe
559 1550 747 1608 precellit
779 1553 957 1606 vicinas,
999 1552 1074 1595 sed
1114 1559 1156 1596 et
1193 1552 1319 1610 longe
1357 1553 1518 1610 positas
1557 1551 1713 1611 opibus
1741 1553 1799 1596 ei
1824 1565 1830 1587 ῖ

359 1613 466 1650 tates
479 1613 509 1648 ³.
575 1606 690 1660 Quid
731 1606 835 1650 alias
878 1623 1122 1663 memorem,
1166 1623 1264 1651 cum
1307 1609 1488 1667 insignis
1531 1609 1628 1666 ipsa
1668 1614 1826 1667 totoq

361 1663 462 1705 orbe
499 1663 719 1705 notissima
755 1664 893 1706 Roma
930 1664 1029 1707 huic
1066 1665 1239 1708 inferior
1277 1672 1401 1720 esset,
1439 1665 1476 1708 si
1513 1665 1708 1723 preciosa
1757 1686 1802 1704 a>

359 1719 617 1762 tissimorum
646 1718 931 1775 apostolorum
962 1735 1139 1777 corpora
1177 1736 1263 1764 non
1300 1720 1505 1765 haberet?
1550 1722 1675 1765 Patet
1699 1722 1762 1788 igi
1807 1752 1827 1756 ..

361 1773 476 1831 quod
503 1773 612 1816 hanc
640 1775 882 1818 intercessio
911 1775 1144 1819 beatissimi
1173 1778 1342 1834 patroni
1370 1777 1504 1820 nostri
1528 1777 1646 1820 SIRI
1674 1775 1813 1836 enp1'

391 1831 435 1872 ui
463 1844 554 1872 eam
584 1838 670 1872 tam
698 1831 885 1874 veridico
906 1847 956 1874 ac
977 1834 1162 1890 pretioso
1215 1834 1380 1890 resagio
1401 1833 1636 1877 honoravit.
1674 1833 1746 1876 Ex
1785 1820 1833 1884 νᾳ

361 1845 543 1942 denique
563 1887 625 1928 Pa
657 1887 709 1940 ia,
734 1887 928 1945 factaque
949 1895 1080 1931 totam
1101 1904 1178 1946 per
1220 1889 1364 1932 taliam
1392 1904 1479 1932 non
1506 1888 1678 1932 modica
1695 1904 1725 1947 p
1756 1908 1790 1926 ι·
1806 1904 1827 1935 j

361 1941 572 1998 Hungarii
600 1957 626 1984 a
684 1944 856 2000 propria
884 1952 1165 1987 revertuntur.

473 2010 510 2051 7.
567 2009 663 2052 Hoc
691 2010 839 2053 eodem
867 2018 1058 2069 tempore
1087 2013 1286 2056 defuncto
1315 2013 1560 2067 Adelberto,
1602 2013 1790 2071 Epona·
1810 2015 1819 2037 ³

361 2065 542 2108 civitatis
570 2065 823 2121 marchione,
852 2083 962 2110 uxor
990 2070 1081 2111 eius
1109 2069 1446 2127 Hermengarda,
1483 2068 1709 2113 Adelberti
1761 2090 1768 2106 ·
1812 2055 1834 2141 1

361 2121 543 2176 potentis
585 2121 739 2164 Tuscie
781 2123 1035 2167 marchionis
1078 2133 1120 2168 et
1160 2126 1314 2169 Bertae
1361 2125 1467 2180 filia,
1516 2126 1647 2169 totius
1693 2125 1788 2168 12·

361 2176 644 2232 principatum
685 2177 914 2223 obtinebat.
983 2181 1125 2224 Causa
1162 2190 1305 2224 autem
1342 2182 1557 2239 potentiae
1599 2180 1727 2224 huius
1776 2169 1834 2244 a]

219 2237 463 2286 ·p.sos.erat,
492 2234 702 2288 quoniam,
747 2235 861 2291 quod
897 2236 1013 2279 dictu
1046 2238 1195 2279 *etiam
1233 2237 1528 2281 foedissimum
1565 2244 1642 2293 est,
1708 2258 1712 2274 J
1759 2238 1833 2296 ¹⁷-s,

362 2301 461 2329 cum
491 2287 698 2343 omnibus,
728 2305 812 2332 non
841 2291 978 2334 solum
1006 2294 1271 2351 principibus
1314 2309 1465 2338 verum
1492 2293 1621 2338 etiam
1648 2293 1833 2350 ignob‘'

363 2342 455 2396 bus,
484 2346 783 2387 commercium
813 2348 1041 2391 exercebat
1054 2356 1083 2391 ⁴.

295 2413 350 2448 (³·)
475 2411 513 2453 8.
571 2413 654 2454 Per
681 2413 754 2455 idd
784 2422 949 2472 tempus
978 2432 1056 2459 rex
1084 2417 1292 2460 Rodulfus
1325 2417 1577 2475 Burgundia
1602 2417 1770 2461 rediens
1802 2337 1834 2484 1

362 2465 529 2531 Italiam
557 2469 684 2522 venit,
713 2469 995 2534 defunctoque
1024 2472 1296 2539 Berengariq,
1339 2488 1519 2530 regnum
1547 2480 1743 2531 potenter
1778 2492 1786 2512 ι
1808 2522 1814 2536 Ἴ,
1827 2506 1834 2545 ¹

363 2527 499 2564 tinuit.
556 2523 659 2565 Post
686 2523 847 2582 ahquot
883 2535 1027 2570 autem
1066 2529 1156 2572 dies
1194 2529 1413 2572 Itahenses
1453 2544 1600 2573 omnes
1638 2543 1743 2588 cepe
1777 2548 1784 2566 ι
1828 2563 1834 2647 1

365 2741 402 2787 1)
426 2745 450 2778 i.
478 2755 507 2779 e.
535 2746 677 2781 excelsi.
765 2748 803 2792 2)
832 2749 885 2783 Cf.
911 2752 1018 2785 vitam
1047 2753 1084 2787 S.
1112 2753 1193 2796 Syri
1220 2758 1255 2787 et
1282 2754 1437 2787 quentii
1459 2764 1491 2788 c.
1508 2754 1530 2787 3
1558 2752 1710 2797 (Sarius,
1736 2753 1798 2787 vi
1829 2786 1832 2795 ,

362 2792 537 2836 probator.
555 2800 667 2829 sanct.
685 2796 767 2838 V11,
794 2798 892 2842 695),
918 2801 979 2833 ubi
1005 2801 1095 2835 haec
1120 2803 1291 2835 vaticinia
1316 2803 1487 2837 invenies.
1570 2800 1611 2846 3)
1629 2802 1685 2836 Cf.
1701 2802 1787 2836 Atto
1829 2798 1832 2843 J

362 2850 557 2876 sermonem
584 2845 652 2877 ΙΙΙ.
678 2844 785 2889 (Aug.
811 2848 884 2880 Mai
911 2848 974 2883 SS.
1002 2855 1070 2884 vet.
1097 2851 1148 2884 VI
1159 2851 1193 2891 b,
1226 2851 1297 2894 15).
1397 2852 1438 2894 4)
1465 2850 1520 2886 Cf.
1541 2861 1647 2896 supra
1665 2851 1704 2884 11
1730 2861 1762 2885 c.
1787 2867 1792 2874 ·
1826 2847 1833 2971 1

1828 2973 1832 3023 ἒ

363 2627 393 2662 a)
416 2631 585 2695 ειιῗὲίίῗίωί
608 2633 634 2658 1.
715 2633 746 2667 b)
768 2636 916 2662 excubiae
939 2638 966 2663 1.
990 2638 1017 2665 2.
1100 2637 1127 2671 c)
1150 2639 1216 2666 ulte
1237 2639 1330 2665 terius
1353 2640 1380 2666 1.
1402 2638 1516 2665 duabus
1535 2638 1629 2666 lineis.
1709 2637 1741 2672 d)
1762 2638 1785 2664 1·

361 2675 439 2694 eoo-r.
536 2690 542 2696 .
