1838 3210
364 259 431 291 100

424 757 485 799 10.

422 927 486 966 11.

423 1036 473 1078 19

448 1065 486 1077 A·

424 1147 487 1189 13.

422 1315 486 1356 14.

421 1483 485 1524 15.

419 1594 484 1636 16.

420 1703 483 1745 17.

418 1816 483 1858 18.

420 1926 484 1969 19.

415 2037 483 2080 2Ο.

415 2149 483 2191 21.

414 2316 481 2358 22.

413 2539 481 2581 23.

413 2650 481 2692 24.
527 2650 676 2694 Oratio
704 2652 972 2708 imperatoris
1000 2654 1210 2709 Romanu,
1241 2669 1370 2712 quam
1399 2671 1478 2713 pro
1505 2655 1605 2699 filiis
1633 2656 1734 2714 egit,

411 2760 480 2804 25.

354 2900 419 2936 ι)ὶ
451 2907 481 2928 e.

502 2908 663 2930 eeeeeeeee

653 250 955 287 LIUDPRANDI
981 245 1328 282 ANTAPODOSIS.
1378 245 1473 279 Lm.
1500 244 1545 278 V.

529 367 596 409 De
636 365 773 422 prima
813 374 958 418 pugna
995 360 1104 401 inter
1143 357 1381 401 sarlionem
1419 364 1463 400 et
1499 355 1768 411 Amantium,

561 436 615 463 ua
649 418 899 461 Wikbertus
929 416 1095 458 occisus
1125 420 1189 456 est
1216 413 1428 470 fugiitque
1456 411 1668 456 Areodun.

576 492 598 519 e
629 475 711 518 alia
740 487 797 530 pu
829 487 895 526 na,
936 472 980 513 in
1011 484 1097 528 qua
1125 470 1359 512 Anscarius
1387 468 1619 512 Hattonem
1654 467 1768 511 comi
1796 473 1815 505 ι’

530 533 651 575 hasta
700 488 869 583 oceiffit
912 542 963 569 ae
1011 525 1286 584 postmodum
1333 524 1386 568 de
1435 538 1546 583 equo
1593 522 1752 569 eadem

530 587 719 631 hostibus
750 591 814 627 est
841 585 933 642 ipse
964 583 1146 636 occisus,
1178 581 1426 639 Sarliusque
1455 594 1602 624 marca
1622 579 1800 647 potitur.

531 644 599 686 De
630 642 815 698 Hugone
844 654 957 696 rege,
987 639 1061 696 qui
1082 636 1496 695 Constantinopolim
1513 642 1687 681 nuntios
1718 635 1753 673 ·‘
1778 635 1790 647 ⁰

562 706 704 756 ropter
732 711 863 739 naves
892 703 934 738 et
963 695 1152 738 Grecum
1182 694 1339 752 ignem.

530 715 598 798 Ee
636 769 735 810 rege
771 752 969 809 Hugone,
1014 751 1086 808 qui
1123 750 1435 807 Berengarium
1472 753 1679 793 execare·
1706 746 1809 807 vol¹

531 811 605 854 sed
636 815 809 876 propter
827 808 1077 851 Lotharium
1106 822 1193 849 non
1221 807 1374 864 potuit,
1403 806 1478 863 qui
1494 805 1578 848 hoo
1595 804 1724 849 Bere·
1742 825 1777 856 2³

530 872 764 919 nunnavit3
786 871 827 907 et
843 864 896 906 de
911 863 1014 920 fuga
1029 862 1222 906 eiusdem
1238 861 1490 919 Berengarii
1501 861 1736 918 uxorisque
1749 859 1806 904 ei

531 923 770 980 Inprecatio
800 927 945 962 contra
973 926 1151 973 montes,
1183 920 1257 976 qui
1284 917 1593 976 Berengarium
1619 922 1664 960 et
1684 916 1754 963 W'

531 979 710 1021 transire
739 977 1034 1033 permiserunt.
1806 1010 1807 1014 ,

532 1034 723 1088 Qualiter
766 1032 1055 1075 Herimannus
1104 1031 1195 1073 dux
1235 1029 1544 1087 Berengarium
1587 1028 1775 1087 suseepit

531 1097 628 1132 ante
658 1090 771 1145 regis
832 1089 1058 1131 resentiam
1089 1086 1225 1129 duxit.

531 1147 600 1189 De
630 1159 680 1187 eo
711 1104 828 1210 quos
855 1159 933 1186 rex
962 1143 1094 1199 Hugo
1123 1143 1294 1185 nuntios
1324 1156 1425 1185 suos
1458 1141 1552 1200 regi
1580 1140 1731 1185 Ottoni
1767 1159 1775 1178 ο
1801 1169 1809 1201 ².

531 1203 606 1259 git,
667 1199 839 1242 olhcens
867 1200 1093 1257 pecuniam
1133 1201 1169 1241 si
1197 1199 1507 1255 Berengarium
1543 1211 1631 1241 non
1663 1196 1800 1255 reeip'

562 1272 616 1299 uo
678 1257 849 1298 omnino
878 1257 1107 1313 impetrare
1136 1270 1222 1297 non
1250 1254 1397 1298 valuit.
1790 1283 1793 1286 »

530 1274 599 1355 sse
629 1327 679 1355 eo
710 1312 825 1369 quod
854 1313 1087 1369 imperator
1117 1311 1354 1354 Cri-ecorum
1381 1311 1598 1354 Romanos
1627 1309 1790 1375 Hugo·

530 1375 665 1425 rogat,
697 1376 743 1410 ut
772 1383 894 1410 suam
929 1367 1061 1410 filiam
1099 1369 1327 1424 coniugem
1365 1381 1443 1410 suo
1477 1365 1551 1410 det
1583 1372 1732 1424 nepoti
1780 1371 1801 1402 ιἾ

530 1424 811 1468 Constantini.

530 1481 598 1522 De
638 1494 784 1537 pugna
822 1479 962 1522 navali
997 1494 1125 1537 quam
1166 1480 1384 1522 Romanos
1419 1493 1521 1522 cum
1557 1478 1714 1536 Iugero
1787 1478 1810 1514 Ξ
1837 1477 1838 1480 ’

529 1537 763 1578 Russorum
792 1536 905 1590 fecit,
966 1551 1064 1578 uem
1095 1535 1344 1578 mirabiliter
1374 1535 1492 1578 vicit.

528 1593 597 1634 De
628 1606 677 1634 eo
706 1592 822 1649 quod
843 1607 921 1635 rex
987 1606 1071 1648 ugo
1091 1592 1147 1634 ad
1166 1592 1448 1635 Fraxinetum
1466 1605 1662 1648 pergens,

530 1663 626 1690 eum
656 1648 839 1690 navibus
870 1649 920 1690 eo
951 1648 1108 1704 dirigit.

528 1704 604 1802 DZ
628 1703 831 1802 eolquod
870 1719 947 1746 rex
977 1703 1108 1760 Hugo
1145 1704 1426 1747 Fraxinetum
1463 1702 1680 1747 destruere
1715 1716 1793 1760 po
1829 1698 1833 1770 ε’

528 1774 573 1802 se
637 1774 692 1802 no
711 1761 785 1802 uit.
1794 1791 1796 1795 .

528 1815 596 1858 De
640 1815 833 1858 Amedeo
882 1815 1130 1873 Berengarii
1177 1815 1323 1870 milite,
1372 1816 1447 1873 qui
1493 1814 1763 1873 exploratum
1827 1864 1831 1880 ι

528 1870 696 1913 Italiam
724 1872 854 1914 venit.
1786 1879 1788 1882 '

527 1927 596 1969 De
626 1941 676 1969 eo
706 1926 822 1984 quod
851 1943 928 1970 rex
947 1927 1078 1984 Hugo
1108 1934 1282 1985 paetum
1301 1926 1538 1985 Hungariie
1558 1925 1679 1971 dedit
1695 1939 1786 1971 eo·

528 1983 575 2024 in
603 1982 858 2039 Hispaniam
888 1985 1016 2026 misit.
1519 2004 1522 2007 ·
1826 2027 1829 2043 Ι

526 2038 595 2081 De
625 2053 675 2081 eo
736 2039 821 2081 uod
849 2054 927 2082 rex
955 2039 1086 2096 Hugo
1115 2038 1247 2082 filiam
1277 2054 1412 2094 suam,
1449 2054 1580 2098 quam
1613 2053 1671 2083 ex
1698 2052 1782 2082 con
1826 2045 1829 2092 j

527 2092 629 2136 bina
658 2094 712 2136 ha
744 2101 876 2149 uerat,
908 2095 1323 2152 Constantinopolim
1350 2096 1493 2140 mittit.
1824 2093 1835 2146 ²}

530 2150 599 2193 De
646 2150 891 2194 fortitudine
939 2159 982 2195 et
1028 2151 1346 2209 pulchritudine
1395 2150 1784 2210 Constantinopoli

525 2205 685 2262 palatii,
744 2214 787 2249 et
840 2206 1020 2264 qualiter
1068 2207 1310 2264 Stephanus
1366 2214 1495 2266 atque
1552 2206 1790 2252 Consum*-
1822 2254 1826 2271 Ι

526 2276 651 2303 suum
670 2269 836 2319 patrem
857 2263 910 2306 de
931 2263 1089 2320 palatio
1109 2264 1312 2307 eiecerint
1331 2271 1374 2308 et
1390 2264 1649 2307 monachum
1661 2263 1702 2307 f·.
1739 2284 1750 2301 ·-
1822 2314 1825 2318 A

525 2317 593 2359 De
623 2333 674 2360 eo
704 2318 820 2375 quod
848 2318 964 2362 idem
998 2318 1224 2363 voluerunt
1254 2319 1583 2364 Constantinum
1610 2319 1775 2378 Porph
1822 2320 1825 2371 f

527 2374 720 2428 genitum
756 2373 942 2430 deicere3
982 2391 1007 2417 a
1046 2390 1131 2432 quo
1161 2383 1260 2418 sunt
1295 2383 1337 2419 et
1368 2377 1453 2434 ipsi
1488 2376 1605 2434 capti
1637 2383 1768 2434 atque
1822 2379 1825 2410 ἶ

526 2430 830 2471 monasterium
859 2431 1000 2484 missi3
1030 2437 1072 2473 et
1100 2446 1177 2488 per
1206 2446 1334 2489 quem
1364 2446 1512 2475 eorum
1541 2431 1789 2476 oonailium

556 2484 668 2527 alam
697 2484 873 2528 factum.
1778 2527 1779 2530 ,

572 2555 594 2582 e
631 2541 810 2596 yronica
846 2543 980 2599 patris
1020 2544 1290 2600 susceptione
1330 2550 1372 2587 et
1408 2543 1633 2601 locutione,
1675 2559 1723 2602 q
1744 2557 1783 2581 ’τ’
1820 2558 1821 2561 ’

526 2594 603 2636 filii
630 2595 686 2637 ad
715 2599 1019 2640 monasterium
1046 2605 1265 2641 venerunt.
1780 2606 1781 2610 ’

569 2712 1154 2861 θῖῗῒεῗὲξὲεὸοηεωηῐίιωε
1192 2773 1234 2809 et
1265 2766 1506 2824 Stephanus
1541 2767 1736 2812 custodia
1816 2765 1818 2768 ’

525 2831 677 2860 servan
697 2834 759 2861 ur.
1774 2831 1776 2833 ’
