1838 3210
412 206 672 240 ΕΡΙΤΑΡΗΙΔ
697 206 978 243 ADELBERTI
1004 210 1065 242 ET
1091 210 1292 244 BERTAE.
1520 210 1588 242 167

807 319 864 362 ΙΙ.

202 401 232 453 †
259 397 356 441 Hoc
383 398 542 456 tegitur
569 398 734 442 tumulo
764 399 1003 443 comitissae
1033 413 1188 457 corpus
1217 399 1438 444 humatum

315 453 467 497 Inclita
526 455 721 511 rogenies
751 456 877 498 Berta
905 455 1090 511 benigna
1118 457 1202 512 pia.

261 509 384 552 Uxor
410 509 479 552 Ad
523 510 630 553 berti
660 510 782 553 ducis
812 510 956 554 Italiae
986 511 1066 554 fuit
1093 512 1107 553 i
1142 526 1199 564 sa,

313 565 377 608 Re
435 564 485 607 lis
513 566 682 622 generis
711 581 820 623 quae
849 566 927 609 fuit
956 581 1079 609 omne
1139 581 1253 609 ecus,

204 632 226 666 5
258 620 423 664 Nob·1s
454 636 510 663 ex
539 621 623 664 alto
653 622 916 665 Francorum
946 623 1136 679 germine
1166 638 1328 679 regum,

313 675 499 719 Karolus
529 678 620 734 ipse
650 678 746 734 pius
776 693 852 721 rex
881 678 962 721 fuit
990 678 1081 720 eius
1109 693 1228 720 avus.

257 731 379 785 Quae
409 734 552 789 specie
580 734 784 798 speciosa,
815 733 928 776 bono
958 734 1193 791 speciosior
1220 740 1333 787 actu,

311 787 422 830 Filia
449 788 651 843 Lotharii‚
685 789 904 846 pulchrior
931 805 985 832 ex
1015 790 1186 832 meritis.

255 842 493 887 Permansit
521 844 636 898 felix,
667 844 779 888 seclo
808 845 910 887 dum
939 846 1048 888 vixit
1076 846 1119 887 in
1148 846 1242 900 isto,

178 909 225 943 ιο
310 899 407 941 Non
436 900 633 943 inimicus
662 915 758 944 eam
786 901 958 944 vincere
987 899 1236 958 praevaluit.

256 953 444 998 Consilio
473 955 599 999 docto
629 957 877 1001 moderabat
904 957 1098 1014 regmina
1126 955 1273 1011 multa,

311 1010 491 1068 Semper
517 1019 607 1055 erat
635 1027 780 1055 secum
887 1013 947 1056 tia
975 1026 1131 1069 magna
1159 1012 1242 1055 dei.

254 1066 453 1110 Partibus
482 1082 538 1110 ex
567 1067 710 1111 multis
738 1083 782 1111 m
829 1069 859 1112 ti
890 1069 1066 1111 comites
1094 1069 1334 1122 veniebant,

310 1121 560 1166 Mellifluum
589 1124 714 1167 cuius
743 1138 947 1181 quaerere
978 1123 1252 1182 colloquium.

176 1188 222 1222 15
253 1177 468 1222 Exulibus
498 1179 661 1223 miseris
691 1187 828 1223 mater
855 1180 1077 1223 carissima
1106 1180 1275 1235 mansit,

309 1233 452 1299 Atque
481 1235 713 1292 peregrinis
742 1249 911 1301 semper
939 1251 963 1279 o
997 1250 1063 1278 em
1093 1236 1254 1279 tribuit.

254 1288 418 1333 Claruit
445 1289 550 1333 haec
580 1290 732 1334 mulier
758 1306 806 1334 sa
838 1307 928 1335 1ens
957 1251 1161 1349 Kirtisque
1190 1290 1403 1346 columna,

307 1344 458 1388 Totius
485 1346 622 1389 virtus
681 1346 783 1390 loria
831 1362 890 1390 ux
917 1347 1092 1405 patriae.

252 1399 401 1444 Idibus
430 1401 591 1444 octavis
666 1402 767 1445 artis
795 1403 994 1460 migravit
1021 1401 1075 1446 ab
1105 1403 1187 1447 ista

169 1466 221 1501 2ο
306 1457 417 1511 Vita,
447 1472 546 1500 cum
576 1457 748 1500 domino
778 1459 895 1501 vivat
924 1465 965 1502 et
994 1459 1038 1507 in
1067 1474 1113 1503 re
1146 1459 1226 1502 uie.

251 1512 368 1556 Mors
397 1513 490 1556 eius
518 1512 675 1557 multos
705 1516 927 1558 contristat
955 1529 1033 1572 pro
1063 1514 1117 1558 do
1134 1529 1182 1558 or
1211 1514 1330 1568 eheu,

308 1567 427 1611 Eous
455 1568 640 1627 populus
669 1568 833 1627 plangit
860 1578 902 1614 et
931 1569 1148 1614 occiduus.

250 1623 375 1667 Nunc
404 1624 521 1668 Euro
554 1639 582 1667 a
639 1626 754 1680 emit,
783 1641 896 1669 nunc
924 1625 1043 1684 luget
1070 1627 1251 1670 Francia
1279 1631 1380 1679 tota,

310 1679 499 1734 Corsica,
523 1640 742 1736 {an-Sinin,
773 1681 930 1725 Grecia
958 1690 1000 1725 et
1029 1682 1163 1725 Italia.

170 1744 220 1781 2³
253 1736 340 1789 Qui
368 1734 506 1793 legitis
535 1751 682 1780 versus
711 1738 825 1790 istos,
854 1753 931 1781 vos
959 1738 1087 1781 dicite
1117 1738 1276 1781 cuncti:

309 1791 565 1858 Perpetuam
593 1791 733 1836 lucem
763 1794 891 1837 donet
919 1794 958 1837 ei
987 1793 1199 1837 dominus.
1253 1793 1407 1836 Amen.

195 1847 322 1891 Anno
350 1847 589 1891 dominicae
622 1848 924 1893 incarnationis
953 1849 1323 1894 DCCCCXXVo
1347 1847 1576 1891 indictione

36 1942 43 1970 3
83 1901 197 1945 XIII
226 1902 332 1948 obiit
360 1902 413 1947 de
443 1904 643 1947 mundo¹.

25 2054 30 2055 ⁷
86 2011 123 2054 1)
150 2011 349 2046 Bethmaun
382 2011 572 2058 descripsit
602 2013 725 2048 Lucae
752 2013 797 2048 de
825 2025 1011 2055 marmore,
1045 2013 1140 2059 quod
1168 2015 1239 2047 iam
1266 2024 1367 2048 muro
1394 2010 1572 2048 ecciesiae

85 2059 121 2095 S.
149 2059 284 2094 Mariae
309 2062 513 2107 impositum
545 2066 598 2095 est
630 2062 776 2096 intranti
801 2063 846 2097 sd
874 2062 1067 2096 dexteram.
1119 2063 1318 2096 Literni-um
1354 2061 1467 2096 forma
1501 2061 1575 2095 ele-

84 2109 313 2153 gantissima,
349 2120 441 2154 quse
477 2111 628 2155 optimas
667 2112 889 2155 antiquitatis
924 2112 1104 2145 Romanae
1137 2112 1387 2156 inscriptiones
1421 2109 1576 2145 feliciter

84 2157 253 2193 imitatur.
298 2157 495 2192 Edidemnt
511 2159 681 2193 Muratori
698 2159 868 2194 Thesaur.
895 2161 1054 2204 inscript.
1083 2158 1187 2202 1843,
1216 2160 1257 2202 13
1284 2159 1482 2194 Fiorentini
1498 2158 1578 2193 Me·

27 2234 33 2236 ⁷
85 2206 195 2241 morie
222 2205 259 2240 di
284 2206 435 2242 Matilds
460 2219 495 2252 p.
521 2207 582 2243 38.
