1838 3210
47 172 51 182 b

34 192 57 217 35

230 248 534 283 LIUDPRANDI
558 245 906 282 ANTAPODOSIS.
955 246 1052 281 LIB.
1078 246 1129 280 11.
1181 246 1337 280 66-69.
1486 248 1530 280 51

30 357 164 423 *‚’ci¹,
192 359 292 403 dato
328 360 533 404 victoriae
569 359 705 416 signo,
734 357 931 415 colligere
961 357 1098 415 spolia
1125 358 1389 415 satagebant,
1431 374 1531 402 cum
1547 377 1614 404 923.

32 421 67 473 5²·
91 437 96 453 ι
119 414 295 459 ·efacius
332 424 460 474 atque
490 414 737 470 Gariardus‚
772 414 912 458 subito
949 429 1005 458 ex
1038 414 1203 457 insidiis
1239 422 1531 472 properantes,

80 492 112 509 1:
147 478 266 515 tanto
300 471 436 515 levius
473 477 632 529 quanto
669 471 930 527 inopinatius
967 470 1219 514 sautiabant.
1276 471 1532 528 Pepercerat

35 531 70 582 ἶζ·
93 559 97 563 ¹
135 528 145 538 ”
205 542 278 571 ·us
296 526 521 582 nonnullis,
549 527 671 572 hasta
689 541 763 570 eos
792 534 835 570 et
851 541 938 570 non
965 526 1076 570 ferro
1104 527 1366 584 percutiens3
1395 527 1532 571 Bone-

34 582 44 614 Ὺ
79 584 167 627 ··'us
185 598 287 627 vero
306 583 411 627 nulli
459 598 620 638 arcens,
649 584 886 626 inmensam
914 582 1074 626 fecerat
1093 589 1290 640 stragem.
1349 583 1533 641 Signum

68 662 87 678 κ-
109 653 183 683 ·ue
211 640 415 683 victoriae
484 639 700 683 onefacius
727 646 967 696 concrepat,
997 640 1341 706 conveniuntque
1402 641 1447 683 ui
1476 655 1532 683 ex

34 663 123 735 m
137 695 347 762 ulfiparte
361 696 628 753 aufugerant,
645 701 1032 753 persequentesque
1048 655 1533 753 Berengaricos‚(}ugam

35 740 134 795 filos
168 752 275 796 imre
313 752 535 809 cogebant.
592 751 703 795 Bere
762 753 878 795 arius
917 766 1019 794 vero
1054 751 1111 794 ad
1146 766 1232 794 non
1267 753 1532 810 incognitum

40 812 68 837 ⁴
81 822 235 852 eronae
264 808 454 865 perrexit
481 807 635 851 asilum
651 816 678 850 ¹.
765 814 866 851 anta
895 808 1056 865 quippe
1084 814 1187 850 tunc
1216 808 1533 852 interfectorum

59 878 201 963 ·«b2es
228 863 341 907 faeta
370 871 452 919 est,
492 871 541 907 ut
576 863 758 907 militum
786 878 923 921 usque
953 862 1080 907 hodie
1117 879 1353 921 permagna
1380 866 1532 909 raritas

37 924 81 956 ³2:
125 927 246 963 eatur
254 928 283 963 ².

15 1005 35 1026 π
149 989 217 1032 67.
261 987 343 1030 His
380 988 441 1031 ita
473 989 682 1046 peractis,
720 1002 898 1045 regnum
928 988 1010 1032 sibi
1038 1003 1116 1031 rex
1143 987 1354 1032 Rodulfus
1383 995 1532 1046 poten-

23 1043 84 1086 »ἦ
99 1045 199 1087 ime
219 1043 476 1101 subiugavit,
497 1045 762 1110 Papiamque
782 1044 947 1087 concite
965 1045 1153 1099 veniens,
1174 1046 1531 1112 congregatisque

44 1111 55 1158 j„
79 1122 98 1138 ι.
122 1098 260 1143 asbus:
290 1099 545 1155 ‘Quoniam',
574 1102 725 1158 inquit,
765 1100 954 1158 ‘superni
982 1101 1171 1143 muneris
1199 1100 1395 1159 largitate
1423 1101 1530 1144 nnhi

23 1157 216 1214 ·ntigit
250 1154 429 1199 devictis
458 1156 653 1199 hostibus
682 1156 803 1212 regni
842 1155 993 1198 solium
1029 1156 1230 1215 adipisci,
1269 1171 1383 1200 nunc
1411 1157 1530 1201 cordi

74 1247 77 1249 .
144 1219 309 1256 vestrae
337 1226 406 1255 me
434 1227 615 1270 regnum
636 1211 832 1256 Italicum
861 1211 961 1255 fidei
990 1213 1300 1268 commendare,
1330 1213 1528 1272 Burgun-

122 1282 239 1326 nque
326 1268 450 1312 triam
479 1277 666 1312 veterem
694 1267 859 1312 visere’.
918 1267 1002 1311 Cui
1030 1284 1133 1312 mox
1162 1269 1407 1313 Italienses:
1466 1269 1527 1314 ‘Si

53 1348 56 1360 ι
79 1338 200 1368 ·num
229 1325 262 1368 ti
293 1325 333 1379 i’,
361 1325 572 1382 inquiunt,
605 1325 798 1380 ‘videtur,
825 1331 969 1382 presto
999 1327 1174 1369 sumus'.

45 1391 47 1394 ⁴
147 1393 215 1436 68.
258 1393 397 1451 Igitur
456 1400 521 1436 ost
548 1392 720 1437 Rodulfi
746 1394 859 1450 regis
888 1392 1148 1449 abscessum,
1177 1393 1289 1436 malo
1309 1393 1526 1437 Veronen-
1540 1407 1608 1436 924.

68 1469 96 1486 ·-22
121 1457 299 1507 accepto
320 1409 509 1504 consfiiO,
524 1450 638 1493 vitae
657 1449 849 1492 insidiari
867 1448 1119 1506 Berengarii
1140 1449 1393 1505 moliuntur3
1409 1450 1526 1508 quod

53 1512 62 1541 ἒ
83 1526 94 1543 ·-
130 1505 343 1563 ·ngarium
362 1520 448 1548 non
474 1504 609 1549 latuit.
667 1506 776 1548 Tam
805 1506 897 1548 scvi
920 1510 1064 1548 autem
1083 1513 1232 1549 auctor
1258 1520 1310 1549 ac
1336 1514 1529 1564 repertor

102 1561 234 1604 inoris
268 1561 538 1605 Flambertus
579 1561 753 1619 quidam
793 1567 905 1616 erat,
945 1576 1072 1619 quem
1107 1561 1201 1618 sibi,
1241 1563 1443 1620 quoniam
1472 1578 1528 1606 ex

51 1614 55 1625 ’
133 1625 306 1661 osancto
336 1618 451 1661 fonte
480 1615 615 1660 filium
635 1618 727 1660 eius
747 1623 1005 1674 susceperat,
1036 1625 1297 1675 compatrem
1325 1634 1403 1662 rex
1431 1619 1528 1663 effe·

117 1680 197 1717 ι’.
254 1673 398 1717 Pridie
436 1687 540 1717 vero
578 1688 708 1731 quam
736 1679 963 1739 pateretur,
1003 1674 1187 1717 eundem
1226 1673 1282 1717 ad
1312 1689 1358 1719 se
1386 1674 1527 1719 Flam-

51 1714 94 1767 -‘·-⁴
171 1750 192 1769 ιι
231 1731 378 1774 venire
406 1730 609 1787 precepit.
669 1728 751 1773 Oui
780 1737 823 1773 et
850 1729 929 1773 ait:

58 1799 70 1807 ''
146 1798 214 1842 69.
257 1798 319 1842 ‘Si
352 1797 456 1841 mihi
491 1804 634 1842 tecum
669 1797 873 1842 hactenus
908 1812 995 1840 non
1032 1805 1075 1842 et
1111 1797 1270 1842 multae
1309 1806 1351 1843 et
1387 1799 1523 1843 iustae
1538 1819 1613 1856 (ιο.)

47 1900 53 1910 η,
86 1854 216 1897 asael³
255 1854 412 1898 amoris
450 1861 615 1910 essent,
653 1868 826 1912 quoquo
864 1853 1006 1909 modo,
1042 1869 1127 1920 que
1156 1854 1210 1898 de
1239 1861 1280 1899 te
1311 1854 1524 1912 dicuntur,

27 1950 30 1951 ⁷
63 1933 66 1940 ι
95 1910 180 1948 -ι’ο
207 1917 395 1968 possent.
451 1908 650 1954 Insidiari
677 1917 720 1953 te
748 1911 860 1954 vitae
889 1925 1010 1954 meae
1038 1917 1179 1966 aiunt3
1216 1910 1292 1955 sed
1330 1926 1415 1955 non
1445 1927 1468 1955 e
1501 1927 1526 1955 ο

28 1982 33 2017 ;
94 1964 235 2009 ·ulus
262 1965 380 2010 illisa
422 1965 668 2010 Meminisse
696 1972 839 2009 autem
868 1973 910 2010 te
937 1966 1048 2032 volo,
1078 1974 1421 2026 quantecumque
1448 1969 1480 2011 ti
1512 1969 1527 2010 i

64 2067 66 2073 ,
100 2022 302 2066 -ssiones
330 2028 374 2066 et
400 2022 594 2066 fortunae
623 2028 665 2066 et
693 2022 910 2080 dignitatis
938 2022 1114 2079 fuerint,
1154 2038 1227 2067 eas
1265 2030 1306 2067 te
1335 2039 1421 2067 non
1449 2038 1525 2081 po·
1570 2036 1573 2038 ⁴

27 2095 38 2133 ς
68 2093 169 2122 rzze
197 2078 280 2122 nisi
308 2078 414 2121 meis
442 2078 662 2122 beneficiis
691 2078 905 2137 consequi.
962 2078 1088 2123 Unde
1128 2086 1171 2123 et
1198 2080 1279 2123 hoc
1308 2081 1452 2123 animo
1482 2080 1526 2123 in

30 2143 34 2150 ²
78 2154 107 2170 ·-
142 2149 235 2178 esse
264 2133 407 2189 debes,
436 2141 483 2178 ut
510 2134 696 2192 dignitas
724 2149 821 2178 mea
848 2135 894 2178 in
921 2149 1066 2178 amore
1094 2142 1222 2194 atque
1251 2136 1295 2179 in
1324 2135 1527 2180 fidelitate

68 2215 70 2219 ,
95 2211 98 2226 :
139 2190 447 2249 conquiesscat.
504 2191 655 2249 Neque
684 2205 784 2235 vero
820 2191 1021 2248 cuiquam
1050 2190 1227 2235 salutem
1256 2206 1307 2235 ac
1335 2192 1527 2237 fortunas

98 2266 102 2282 1
123 2267 129 2283 2
164 2254 306 2291 tantae
325 2261 451 2290 curae
474 2247 605 2291 fuisse
623 2261 827 2305 umquam
848 2254 966 2305 puto,
994 2248 1142 2304 quanti
1162 2247 1266 2291 mihi
1293 2248 1374 2292 fuit
1391 2249 1526 2292 honos

31 2325 35 2335 2
96 2323 148 2345 κ.
204 2302 256 2346 In
294 2318 379 2361 quo
414 2318 511 2346 mea
550 2303 693 2347 omnia
726 2302 884 2357 studia,
923 2317 1092 2347 omnem
1129 2319 1324 2362 operam,
1364 2320 1523 2361 curam,

32 2406 43 2411 ,Ἴ
92 2358 302 2413 ·ustriam,
333 2360 636 2416 cogitationem
664 2358 792 2402 huius
820 2359 1006 2403 civitatis
1036 2374 1204 2403 omnem
1232 2361 1321 2403 fixi.
1379 2361 1525 2405 Unum

32 2419 39 2466 g
57 2415 85 2466 [-
148 2414 210 2458 sic
240 2414 418 2459 habeto:
448 2416 484 2458 si
512 2429 539 2457 a
567 2422 608 2459 te
628 2415 732 2458 mihi
752 2422 962 2459 servatam
991 2415 1119 2460 fidem
1148 2415 1409 2472 intellexero,
1438 2432 1523 2460 non

110 2471 150 2508 ι’·
179 2477 265 2514 tam
302 2485 399 2515 mea
435 2470 549 2515 salus
586 2486 707 2527 cara,
750 2485 879 2529 quam
920 2472 1057 2530 pictas
1100 2474 1180 2517 erit
1220 2474 1264 2516 in
1306 2473 1526 2517 referenda

204 2526 414 2571 iucunda’.

32 2604 41 2628 ε

36 2630 263 2690 j‘umwn
287 2658 312 2682 1.
394 2654 426 2689 ι»)
448 2662 518 2682 ω.
540 2656 565 2683 ι.
646 2654 675 2689 ο)
697 2655 780 2692 mm
803 2657 827 2681 ι.

32 2591 60 2652 ὅ

38 2769 70 2810 '27⁴'
104 2760 159 2796 Cf.
192 2759 236 2795 de
270 2762 477 2806 Berengarii
511 2766 606 2796 sorte
642 2761 863 2796 Constantin-
913 2762 971 2796 De
1006 2763 1100 2797 adm.
1134 2765 1220 2809 imp.
1246 2775 1277 2799 ο.
1305 2764 1363 2806 28,
1390 2776 1424 2808 p.
1453 2764 1521 2797 116

40 2806 74 2850 'J
131 2809 286 2844 Bokker.
386 2810 426 2854 2)
461 2810 517 2846 Cf.
544 2810 737 2845 Flodoardi
763 2811 854 2845 Ann-
882 2811 975 2845 928:
1009 2812 1070 2846 nbi
1106 2813 1202 2847 mille
1239 2814 1423 2858 quingenti
1455 2813 1521 2846 viri

0 2849 3 2856 ,
39 2841 63 2898 ³1⁴
78 2857 213 2913 ''fline
239 2858 415 2915 dicnptur.
496 2859 542 2910 8),
564 2859 788 2894 Constantia.
814 2859 881 2895 1.1.
908 2855 1106 2896 ἀπέκτεινεν
1132 2858 1239 2896 αὐτὸν
1265 2858 1522 2909 Φαλάμβερτος

35 2910 266 2962 *ng
290 2906 413 2942 αυτοῦ.
513 2908 553 2952 4)
580 2908 687 2953 Verg.
714 2908 792 2943 1-301.
819 2909 882 2951 lx,
909 2910 967 2944 84.

1167 2977 1214 3012 4.
