1838 3210
366 214 412 248 04
535 210 836 246 LlUDPRANDI
864 207 1210 244 ANTAPODOSIS.
1263 207 1356 240 L113.
1383 206 1454 240 111.
1505 205 1662 241 25-26.

365 324 552 367 dinetum
582 324 737 366 iactare
767 322 969 379 precepit.
1012 321 1118 363 Erat
1145 326 1285 361 autem
1316 318 1360 359 in
1387 317 1637 362 arundineto
1665 331 1743 362 ace

363 379 638 423 arundinibus
667 378 829 435 plenus,
860 377 902 419 in
932 391 1056 433 quem
1087 374 1153 418 leo
1183 373 1445 429 confugiens,
1474 371 1544 417 illo
1573 380 1638 418 est
1663 371 1720 417 ab
1747 373 1759 384 ⁰

367 435 565 479 salvatus.
610 435 769 477 Ventus
800 433 958 490 quippe
989 430 1199 475 contraria
1229 444 1283 472 ex
1313 435 1432 494 parte
1462 428 1583 484 flans,
1609 429 1765 487 ignem,
1804 438 1813 482 ᾗ

366 491 421 534 ad
449 506 650 534 acervum
679 504 812 546 usquc
843 488 1094 545 perveniret,
1138 493 1356 528 ammovit.
1413 485 1627 528 Romanos
1655 492 1774 543 prete
1802 535 1804 537 ,

368 554 463 604 post
501 547 608 603 ignis
646 546 947 588 extinctionem
987 558 1070 585 uno
1115 548 1277 585 tantum
1316 555 1414 583 eum
1456 539 1659 597 assecula,
1702 548 1816 584 e·;;s

369 602 503 645 solum
534 601 695 655 dextra,
725 602 892 643 sinistra
920 606 1061 642 autem
1091 597 1264 655 pallium
1293 605 1479 654 gestans,
1507 595 1650 641 locum
1678 611 1798 641 omn

369 673 597 716 peragrans
626 658 786 710 lustrat,
818 657 852 698 si
880 655 987 698 forte
1018 669 1064 697 os
1095 669 1149 696 ex
1179 668 1228 697 eo
1259 652 1328 696 vel
1357 653 1525 710 signum
1554 650 1727 719 aliquod
1786 663 1812 690 ·-?

400 715 534 757 eriret.
592 713 682 755 Iam
713 727 811 756 vero
842 727 940 754 cum
971 712 1014 753 in
1042 725 1092 753 eo
1123 716 1244 762 esset,
1274 717 1322 752 ut
1348 708 1478 753 nichil
1496 709 1715 753 inveniens
1733 716 1834 752 ret]

369 730 499 823 garet,
530 768 631 827 quid
661 769 740 811 hoc
771 768 947 810 monstri
977 773 1100 820 esset,
1132 764 1245 822 quod
1274 779 1452 811 acervus
1487 763 1557 808 ille
1585 765 1641 808 sit
1667 763 1723 808 ab
1753 761 1813 797 ⁶·

162 840 207 870 ἰ.
220 842 354 869 aium.
370 825 566 879 salvatus,
597 825 757 868 studuit
792 825 939 866 visere.
1008 821 1203 878 Cumque
1243 820 1327 863 duo
1366 822 1559 879 propter*
1596 826 1813 870 tissimi-ui

179 889 185 895 '
370 895 600 939 secumque
629 880 755 923 rebus
784 895 838 922 ex
867 877 1078 921 nonnullis
1109 876 1440 932 confabularent,
1479 875 1544 920 leo
1583 890 1657 920 eos
1686 882 1834 927 tan-’s‘

370 938 541 991 audivit,
574 938 773 993 quoniam
794 935 965 992 quidem
992 934 1045 976 ob
1067 933 1295 990 caligantes
1316 932 1460 976 oculos
1481 947 1599 991 παρα
1617 934 1677 977 τῶ
1695 946 1783 976 vemt
1830 974 1834 991 ¹

386 996 475 1035 >Ara
518 1002 560 1036 to
605 994 754 1049 capno,
800 992 913 1049 quod
958 998 1022 1033 est
1066 990 1120 1033 ob
1163 989 1341 1043 fumum,
1384 988 1531 1037 videre
1572 1002 1660 1032 non
1700 998 1834 1046 Ρο-·“

370 1009 528 1091 boletis
558 1049 688 1105 igitur
716 1047 780 1091 leo
810 1047 938 1089 animi
968 1047 1033 1088 sui
1061 1046 1260 1099 furorem,
1306 1060 1435 1102 quem
1471 1043 1528 1088 ab
1566 1045 1665 1102 igne
1703 1058 1775 1088 eo·
1804 1092 1806 1094 ,

372 1112 503 1162 perat,
532 1106 573 1146 in
603 1104 679 1146 hos
709 1118 916 1157 evomere,
947 1102 1056 1144 saltu
1085 1118 1132 1144 ra
1165 1101 1368 1156 iffissich,
1409 1115 1496 1159 qua
1530 1099 1699 1143 illorum
1726 1114 1810 1145 vo

371 1161 574 1214 audierat,
619 1175 690 1203 eos
734 1161 842 1202 inter
880 1158 1069 1215 prosiliit.
1133 1116 1353 1200 lzomamss
1390 1171 1506 1211 vei-0,
1545 1171 1632 1199 non
1669 1161 1718 1199 ut
1752 1171 1808 1202 εν,

372 1216 562 1259 assecula
591 1217 798 1273 pavitans,
844 1215 917 1258 sed
957 1229 1007 1257 ca
1044 1214 1185 1271 potius
1224 1220 1365 1256 mente
1401 1213 1648 1267 consistens,
1690 1217 1739 1256 ut
1784 1222 1815 1259 ιζ

374 1274 530 1315 fractus
567 1272 738 1315 caderet
774 1270 900 1325 orbis,
942 1270 1190 1327 inpavidum
1230 1270 1377 1312 ruinae
1415 1269 1612 1312 ferirent¹
1667 1266 1813 1326 ΡειΠίιι

374 1328 487 1386 quod
517 1343 645 1370 manu
673 1327 879 1384 gestabat,
908 1326 1040 1369 leonis
1070 1326 1178 1368 inter
1206 1324 1382 1368 brachia
1409 1325 1536 1368 misit„
1636 1323 1723 1367 uod
1751 1323 1810 1368 d'

374 1399 450 1441 pro
489 1385 656 1426 homine
697 1383 761 1427 leo
801 1382 1091 1439 disscerperet,
1130 1382 1346 1424 Romanos
1384 1381 1484 1425 totis
1520 1379 1636 1424 hune
1671 1394 1699 1423 a
1734 1386 1777 1424 te

375 1441 534 1483 viribus
564 1441 672 1483 inter
701 1439 888 1482 clunium
926 1439 1143 1481 iunturas⁸¹
1180 1453 1280 1480 ense
1316 1437 1536 1494 percussit.
1601 1436 1688 1490 Qui
1734 1436 1785 1474 ·':
1805 1440 1832 1496 J

232 1507 285 1542 ‘1>·
297 1508 362 1537 808.
376 1497 487 1539 tiatis
518 1495 766 1553 divisisque*
798 1495 1022 1537 cruribusb
1063 1495 1164 1551 quia
1203 1500 1313 1536 stare
1350 1508 1437 1536 non
1464 1493 1616 1550 potuit,
1659 1492 1832 1550 poeni

377 1551 541 1595 cecidit.
599 1552 740 1594 Leone
770 1552 898 1608 igitur
926 1550 1158 1604 interfecto,
1202 1550 1416 1592 Romanos
1454 1549 1710 1592 seminecem
1756 1550 1809 1605 κζ

378 1607 515 1650 culam
547 1623 670 1650 suum
701 1607 788 1650 solo
819 1614 995 1650 stratum
1025 1607 1190 1649 eminus
1219 1605 1340 1660 vidit,
1370 1620 1497 1663 quem
1517 1611 1561 1648 et
1577 1618 1732 1648 vocare
1748 1616 1830 1655 vg]

378 1664 582 1729 precipua
611 1664 734 1720 cepit.
809 1663 893 1705 Sed
925 1677 1022 1705 cum
1050 1661 1214 1704 nullum
1244 1662 1364 1704 daret
1392 1661 1563 1705 omnino
1591 1675 1760 1718 respon
1796 1656 1804 1695 ι’
1827 1670 1830 1672 ’

377 1720 510 1762 isdem
559 1720 772 1762 Romanos
820 1726 992 1776 propter
1039 1733 1136 1761 eum
1181 1717 1362 1772 adstitit,
1421 1716 1616 1775 pedeque
1661 1731 1692 1774 p
1744 1737 1800 1754 ::.·
1827 1764 1829 1770 Ι

378 1775 529 1832 (ἔγειρε,
559 1790 682 1830 ειπεν,
712 1774 833 1818 ἄθλιε
863 1777 933 1817 καὶ
960 1779 1177 1828 ταλεπορε,
1209 1790 1262 1828 μη
1294 1777 1441 1831 φοβοῦ,
1470 1773 1586 1839 egil-e
1609 1773 1710 1830 ipen
1728 1774 1756 1816 ά
1785 1793 1807 1823 uz

377 1831 433 1873 ke
453 1830 640 1888 talepore
668 1832 755 1873 mi⁰
783 1830 907 1884 fobu’,
939 1831 983 1872 id
1012 1837 1075 1873 est
1100 1832 1279 1886 ‘Surge',
1309 1829 1418 1873 dixit
1446 1833 1588 1872 ‘miser
1615 1828 1687 1872 et¹¹
1728 1848 1805 1874 nt:

377 1887 462 1929 noli
491 1887 669 1930 timere'!
728 1887 814 1940 Qui
852 1901 1124 1943 consurgens,
1163 1902 1238 1943 pre
1267 1885 1556 1938 admiratione,
1593 1884 1698 1928 dum
1722 1884 1806 1928 leo

378 1943 680 1986 immanitatem
710 1943 986 1999 conspiceret,
1016 1958 1101 1984 non
1129 1941 1278 1985 habuit
1298 1941 1410 1985 ultra
1428 1941 1636 1999 spiritum.
1664 1942 1774 1994 Εξεπ
1793 1949 1802 1994 j

191 2011 503 2042 'articulus-cono
535 2000 580 2042 δὲ
610 1998 759 2049 πάντες
800 1999 893 2057 πέρι
928 2002 1022 2042 τοῦ·
1063 2001 1250 2052 Ρομανοῢ
1290 1999 1424 2041 τάυτα
1458 2008 1722 2052 mounes,
1769 2017 1793 2035 ι»

378 2054 580 2111 plissonto
610 2055 662 2097 de
691 2062 839 2111 pantes
868 2055 959 2111 peri
988 2062 1035 2097 tu
1063 2055 1259 2097 Romanu
1286 2061 1406 2097 tauta
1438 2058 1676 2107 acusantes,
1712 2051 1759 2096 id
1801 2060 1829 2110 ᾗ,

380 2110 606 2168 stupebant
648 2118 790 2153 autem
821 2125 965 2153 omnes
1002 2110 1055 2154 de
1083 2110 1276 2153 Romano
1314 2110 1393 2153 hec
1431 2107 1664 2153 audientes.
1730 2107 1829 2160 Urs

378 2167 537 2209 factum
567 2174 642 2220 est,
672 2173 719 2209 ut
748 2173 833 2208 tarn
862 2181 940 2223 pro
970 2167 1146 2209 caeteris
1185 2180 1398 2224 quamque
1436 2179 1514 2223 pro
1542 2162 1735 2222 preclaro
1797 2212 1800 2217 ,
1826 2161 1829 2215 J

380 2223 486 2266 senti
514 2222 595 2265 hoc
622 2223 805 2265 facinore
835 2238 921 2264 non
948 2222 1080 2265 multo
1109 2230 1206 2279 post
1234 2237 1259 2264 a
1286 2222 1430 2265 Leone
1457 2222 1713 2278 imperatore
1752 2240 1772 2257 κ

190 2284 200 2295 ·
217 2285 369 2313 articulus.
381 2278 606 2321 donaretur
634 2278 805 2332 honore,
846 2294 958 2328 οπως
998 2294 1134 2321 παντα
1171 2281 1245 2321 τα*
1285 2282 1423 2333 πλοια,
1463 2291 1568 2334 opos
1591 2282 1731 2342 panta
1757 2284 1803 2334 p*

381 2334 426 2376 id
454 2341 518 2376 est
544 2340 591 2376 ut
620 2349 763 2376 omnes
792 2349 924 2377 naves
953 2335 996 2376 in
1023 2334 1219 2378 manibus
1254 2339 1395 2377 essent
1428 2334 1529 2388 suis,
1565 2346 1741 2390 elusque
1777 2332 1789 2342 '

382 2389 570 2432 sionibus
600 2390 855 2433 oboedirent.
1315 2425 1319 2429 .

313 2466 367 2500 (⁷.)
491 2457 558 2500 26.
615 2457 702 2500 Leo
733 2457 926 2514 denique,
958 2457 1193 2500 Greeorum
1221 2458 1435 2515 piissimus
1464 2457 1524 2499 im
1556 2462 1705 2510 emtor,

302 2505 368 2531 ⁹¹²
381 2527 507 2569 supra
534 2513 710 2555 fecimus
747 2514 1013 2568 mentionem,
1044 2514 1232 2571 corporis
1262 2513 1434 2556 humani
1468 2512 1522 2556 de
1552 2513 1659 2556 itum
1686 2509 1798 2568 solv7

381 2569 577 2625 viamque
623 2569 758 2610 carnis
808 2570 1028 2612 universae
1076 2569 1330 2626 ingrediens,
1379 2569 1500 2626 regni
1546 2568 1614 2611 sui
1658 2566 1713 2611 he
1744 2562 1827 2623 wfj

383 2706 413 2740 ι)
435 2707 455 2732 ἰ.
477 2714 500 2733 e.
521 2707 685 2734 iuncturas.
714 2725 721 2733 .
766 2707 797 2741 b)
819 2709 958 2735 crucibus
983 2710 1010 2735 1.
1033 2710 1060 2735 2.
1143 2708 1170 2741 c)
1193 2709 1235 2734 mi
1256 2708 1329 2735 fobu
1349 2708 1451 2734 desunt
1473 2709 1500 2736 1.
1581 2706 1613 2741 d)
1633 2706 1708 2733 ἅσσα
1729 2707 1760 2733 1.
1786 2736 1789 2743 x
1824 2740 1827 2743 Χ

386 2821 423 2866 1)
449 2823 571 2858 Horat.
599 2824 667 2858 Od.
694 2825 763 2866 ΙΙΙ,
789 2826 824 2859 3.
853 2827 885 2858 7.
