1838 3210
254 232 559 267 LIUDPRANDI
585 230 936 266 ANTAPODOSIS.
987 230 1082 264 LIB.
1111 230 1175 264 IV.
1226 230 1283 263 26.
1473 230 1520 263 93

34 364 88 382 ιιι
129 343 249 388 hetas
293 343 347 387 de
389 342 478 386 filio
526 341 722 384 hominis.
794 341 1007 385 Tradetur
1049 341 1163 384 enim
1211 340 1426 397 gentibus,
1476 348 1517 384 et
1533 353 1601 382 989.

34 406 53 430 ι’
78 420 83 434 ι
126 406 233 454 etur,
264 407 306 444 et
333 396 630 457 flagellabitur,
661 405 704 441 et
733 404 1007 456 conspuetur,
1045 404 1087 440 et
1114 403 1344 455 postquam
1374 395 1514 454 flagel-

40 455 49 506 J
74 477 78 483 ¹
99 456 211 510 rint,
239 455 436 499 occident
464 469 577 508 eum,
615 459 659 496 et
696 453 766 497 die
795 454 927 497 tercia
964 455 1184 510 resurget'.
1251 451 1343 496 Cur
1371 454 1517 510 itaque

37 511 42 515 ’
86 532 106 549 ,ι
136 513 420 555 resurrexisse
439 509 624 560 dubitas,
654 524 754 552 cum
773 509 974 566 gentibus
994 509 1211 563 traditum,
1240 508 1270 551 fl
1328 507 1515 561 ellatum,

43 575 292 625 msputum,
321 566 595 620 crucifixum,
624 566 735 609 sicut
793 566 1020 620 redixerat,
1063 565 1244 609 videas?
1346 563 1433 607 aud
1460 565 1516 607 ab

52 647 61 661 -
93 630 171 678 est,
201 623 319 682 quod
347 624 477 666 deum
506 628 628 665 tuum
654 637 767 664 mam
800 630 851 665 us
872 623 1057 680 propriis
1076 628 1259 665 tractare
1279 620 1516 664 contendis.

37 700 61 731 „¹
79 700 84 716 L
102 699 114 718 ι
145 694 333 738 namque
359 694 438 722 rex
466 686 622 732 noster,
662 679 737 735 qui
773 685 871 721 ante
907 677 1054 722 secula
1084 684 1284 735 operatus
1314 683 1378 720 est
1407 676 1516 719 salu·
1530 697 1580 724 ps.
1594 698 1705 733 73,12.

45 756 91 773 2...
131 735 175 778 in
204 735 347 779 medio
375 744 526 788 terrae,
555 735 630 792 qui
658 734 779 777 novit
798 735 942 777 omnia
959 741 1191 791 antequam
1211 733 1328 788 fiant,
1359 732 1517 776 multos

31 795 49 824 ἰ
77 790 259 836 ·viderat
285 792 367 835 hoc
397 805 538 834 errore
598 791 791 846 erituros,
821 798 870 834 ut
895 797 960 834 est
983 791 1223 834 misericors
1245 797 1286 834 et
1306 788 1515 833 clemens:

20 860 33 885 f
64 869 69 883 ι
98 849 167 902 er',
211 848 285 903 ait,
329 847 526 905 ‘digitum
568 805 668 900 buc,
713 853 756 889 et
797 847 917 890 mitte
953 861 1129 889 manum
1169 852 1290 888 tuam
1326 846 1371 888 in
1405 844 1517 888 latus
1530 854 1597 881 101¹-
1613 855 1727 889 20‚2·t.

43 916 172 958 =eum,
203 912 246 948 et
273 904 363 948 noli
390 918 482 947 esse
512 901 770 957 incredulus,
800 902 876 946 sed
906 902 1069 946 fldelis’.
1106 902 1299 955 Ἐξαύδα
1321 903 1368 944 δε
1395 902 1515 955 Θομά

10 969 14 974 ’“
39 984 48 997 ι
105 992 116 1014 ,
145 959 317 1003 exauda
345 959 400 1004 de
428 959 573 1003 thoma
592 959 702 1015 agie,
735 958 851 1017 quod
871 965 936 1002 est
955 958 1158 1002 confitere
1185 965 1329 1002 autem
1349 957 1519 1000 Thoma

76 1021 175 1070 cte,
205 1024 249 1060 et
276 1023 352 1059 tua
380 1015 597 1059 dubietate
628 1030 753 1058 omne
772 1021 966 1058 nostrum
996 1014 1179 1072 exclude
1208 1013 1516 1071 amphibolum.

18 1072 271 1126 ‘'ominus',
301 1073 452 1129 inquit,
484 1076 619 1127 ‘meus
648 1077 691 1113 et
719 1071 826 1114 deus
855 1073 1003 1115 meus'.
1048 1072 1087 1114 Ο
1119 1071 1374 1128 ambiguum
1401 1070 1517 1113 omni

13 1126 35 1158 2'
70 1126 142 1171 de
170 1127 493 1186 dignissimum!
525 1128 564 1171 O
595 1126 776 1170 dubium
806 1128 972 1171 cunctis
1002 1126 1157 1170 seculis
1187 1126 1516 1184 predicandum!

13 1206 15 1209 f
51 1181 63 1195 ’
92 1188 142 1226 tu
169 1198 256 1227 non
284 1183 517 1238 dubitares,
561 1198 647 1226 non
691 1197 773 1240 ego
815 1190 904 1226 tam
948 1183 1127 1227 firmiter
1170 1182 1403 1226 crederem.
1469 1181 1517 1225 Si

27 1237 244 1283 ulierum
293 1240 569 1294 credentium,
613 1240 650 1282 si
693 1238 1087 1298 condiscipulorum
1131 1238 1261 1282 fidem
1304 1237 1516 1292 hereticis,

77 1294 89 1305 ’
132 1310 220 1339 non
263 1311 366 1341 vero
411 1311 591 1354 corpore
630 1295 852 1338 dominum
891 1303 1085 1340 nostrum
1123 1294 1268 1338 Iesum
1298 1294 1517 1338 Christum

49 1372 77 1387 :ss
167 1353 301 1396 xisse
342 1351 569 1407 latrabant,
613 1352 868 1407 diceremus,
916 1351 1052 1395 multa
1093 1351 1218 1394 nobis
1266 1357 1519 1408 argumenta

24 1427 49 1463 μ’
71 1407 228 1452 bolica
255 1407 485 1452 calliditate
515 1416 792 1466 opponerent.
858 1408 946 1452 Sed
980 1423 1079 1451 cum
1107 1407 1375 1451 dubitantem
1404 1406 1518 1450 Tho-

16 1515 21 1523 1
47 1484 75 1499 ·-:
100 1484 107 1501 ·
147 1478 303 1522 corpus
332 1471 550 1519 tractasse,
580 1463 807 1508 vulnerum
837 1465 1058 1508 cicatrices
1086 1463 1294 1521 tetigisse,
1334 1477 1386 1505 ac
1415 1478 1519 1506 mox

30 1517 294 1565 bitacione
321 1528 485 1565 remota
523 1520 653 1564 deum
689 1528 731 1565 et
760 1520 983 1564 dominum
1022 1519 1286 1563 exclamasse
1322 1519 1518 1574 audiunt,

119 1577 239 1634 prius
268 1584 389 1621 erant
418 1576 652 1631 multisoni,
696 1591 799 1619 mox
842 1584 890 1620 ut
933 1577 1078 1635 pisces
1116 1575 1316 1619 videntur
1356 1576 1517 1630 insoni3

35 1638 88 1683 ἰς
111 1640 336 1688 ·oscentes,
368 1634 470 1699 quia
498 1640 541 1676 ct
568 1646 671 1676 vera
699 1647 801 1675 caro
831 1640 907 1688 est,
947 1647 1058 1690 quae
1092 1632 1265 1676 tractari
1327 1632 1445 1686 otuit,
1476 1640 1519 1675 et

167 1690 243 1747 qui
271 1686 427 1732 clausis
456 1689 595 1732 ianuis
624 1689 811 1732 intravit.
854 1688 912 1732 Et
942 1687 1059 1746 quod
1078 1686 1267 1731 Thomas
1323 1686 1518 1742 ubitavit,

39 1764 92 1799 y·
146 1743 234 1788 fors
273 1745 350 1789 sed
388 1744 535 1788 divina
571 1743 842 1811 dispensacio
877 1744 969 1789 fuit.
1037 1744 1112 1788 Sic
1141 1744 1298 1801 itaque,
1336 1743 1410 1798 sic,
1440 1759 1519 1787 rex

33 1819 67 1849 ·;·
86 1801 222 1856 sime,
257 1802 471 1859 insperata
510 1801 565 1844 ob
605 1800 787 1845 militum
823 1802 1086 1859 paucitatem
1123 1800 1307 1843 victoria
1345 1799 1518 1843 divinae

40 1875 89 1914 .-'.¹'
107 1855 243 1900 ilium
271 1857 564 1915 providentiae
584 1856 647 1900 fui
707 1856 857 1900 volens
878 1856 1129 1901 mortalibus
1149 1856 1354 1910 indicare,
1389 1870 1518 1914 quam

36 1918 50 1958 T
104 1931 136 1949 ·-
173 1912 254 1957 deo
283 1921 406 1963 esset,
437 1914 511 1972 qui
541 1927 646 1956 oran
677 1929 702 1957 o
730 1920 821 1956 tam
850 1913 1090 1957 inmensum
1119 1927 1218 1955 cum
1247 1913 1518 1969 paucissimis

25 1966 91 2022 ΛΓ.
115 1968 282 2035 ..phum
312 1970 506 2027 optinere
534 1970 783 2027 promeruit.
842 1969 971 2013 Forte
1000 1969 1128 2023 enim,
1157 1969 1288 2011 immo
1319 1975 1444 2023 certe,
1476 1976 1519 2012 et

54 2033 56 2035 ’
92 2038 214 2083 prius
243 2023 487 2083 ignorabas,
517 2039 647 2083 quam
676 2040 802 2069 carus
831 2024 912 2069 deo
941 2025 1169 2079 existeres,
1206 2024 1322 2082 quod
1350 2031 1447 2082 post
1476 2031 1519 2068 te

25 2081 61 2115 ³³·
79 2100 91 2133 2
113 2094 277 2126 ·oscere
306 2081 419 2135 fecit,
450 2096 550 2125 cum
569 2088 688 2126 tanta
707 2082 890 2125 victoria
909 2082 1147 2125 honoravit.
1189 2081 1336 2124 Sancti
1359 2081 1518 2124 etenim

26 2139 31 2143 ’
146 2137 251 2203 quid
299 2138 467 2181 virtutis
514 2136 711 2192 habeant,
756 2144 798 2181 et
837 2138 986 2195 quanti
1023 2138 1069 2179 in
1107 2143 1342 2193 conspectu
1381 2136 1519 2180 divini

52 2239 53 2243 ,
86 2212 135 2231 ³··
174 2194 230 2237 ·‘s
273 2194 517 2248 consistant,
566 2194 648 2237 nisi
690 2194 979 2252 probaverint,
1028 2194 1246 2251 ignorant3
1297 2192 1415 2259 quod
1461 2192 1518 2236 ad

93 2248 241 2292 raham
270 2248 405 2292 filium
425 2248 645 2293 immolare
665 2250 906 2308 cupientis·
937 2264 993 2293 ex
1012 2249 1154 2293 verbis
1173 2247 1316 2306 angeli
1335 2248 1516 2293 dicentis

30 2301 220 2363 lligere
258 2319 506 2363 possumus;
554 2306 616 2349 ait
648 2307 780 2349 enim:
826 2305 904 2349 ‘Ne
940 2304 1147 2350 extendas
1185 2319 1359 2348 manum
1398 2312 1516 2349 tuam
1532 2326 1733 2361 00„,22‚12‚

30 2362 47 2371 ““
86 2382 93 2397 ι
113 2382 123 2399 ·-
179 2375 359 2428 puerum
416 2376 555 2420 neque
593 2361 728 2406 facias
766 2360 826 2404 illi
865 2362 1117 2419 quicquam3
1165 2375 1280 2404 nunc
1318 2362 1515 2419 cognovi,

83 2416 140 2462 od
166 2425 319 2462 timeas
346 2394 596 2471 dominum',
634 2418 678 2461 id
713 2426 779 2462 est
818 2425 859 2462 te
894 2418 1038 2476 ipsum
1068 2425 1110 2461 et
1138 2424 1332 2474 posteros
1361 2432 1518 2475 cogno-

125 2494 136 2511 ·-
169 2473 266 2517 feci.
324 2471 512 2517 Noverat
540 2474 653 2518 enim
683 2473 880 2517 dominus
919 2481 963 2517 et
990 2481 1088 2517 ante
1118 2488 1247 2531 quam
1276 2473 1413 2517 filium
1443 2474 1518 2516 im-

30 2525 55 2540 *“
96 2527 184 2573 lare
211 2528 350 2584 vellet,
381 2537 542 2587 quanta
569 2529 789 2574 Abraham
818 2529 1062 2588 patriarcha
1091 2536 1263 2573 sanctus
1292 2544 1391 2573 eum
1413 2531 1518 2573 cari·

94 2606 103 2622 ·-
137 2584 351 2651 diligeret;
382 2586 457 2628 sed
488 2586 524 2628 is
554 2586 627 2644 qui
656 2585 874 2643 diligebat,
915 2599 1043 2643 quam
1082 2585 1271 2652 perfecte
1309 2585 1517 2643 diligeret,

66 2663 99 2679 ·
138 2649 270 2695 novit,
312 2641 449 2685 donec
479 2657 556 2700 per
590 2641 734 2685 dilecti
774 2642 850 2685 filii
888 2641 1222 2685 immolationem
1250 2643 1517 2699 apertissime

47 2752 49 2754 Ι
91 2723 94 2733 2
123 2698 188 2741 ·it.
247 2697 480 2741 Possumus
509 2706 553 2742 et
590 2698 700 2741 hanc
734 2712 789 2741 ex
825 2698 940 2742 beati
968 2698 1082 2741 Petri
1113 2698 1395 2756 promissione
1426 2713 1517 2740 sen-

115 2753 199 2796 'm
228 2753 481 2811 approbare.
540 2754 763 2808 ‘Domine’‚
794 2755 943 2812 inquit,
974 2758 1129 2798 ‘tecum
1159 2761 1331 2811 paratus
1361 2767 1455 2796 sum
1476 2763 1517 2796 ct

36 2850 132 2901 ,Me
160 2861 352 2895 cupientemg
380 2864 553 2889 conterunt-'o
580 2863 682 2890 cemes!
709 2864 776 2890 haec
803 2867 858 2890 m:
886 2862 975 2894 Quod
1003 2862 1149 2894 comesto
1172 2869 1332 2896 pos-mnu»
1353 2869 1391 2890 cx
1414 2862 1516 2889 verbi·

32 2935 47 2959 ἦ
106 2900 128 2926 ΙΙ
151 2900 281 2927 dicent!-
302 2901 340 2927 nd
362 2902 517 2929 Abraham
539 2905 715 2936 cupientem
738 2904 834 2930 fllium
857 2902 1027 2930 immolare.

36 3051 63 3103 a:
