<?xml version="1.0" encoding="UTF-8"?>
<!DOCTYPE html PUBLIC "-//W3C//DTD XHTML 1.0 Transitional//EN"
    "http://www.w3.org/TR/xhtml1/DTD/xhtml1-transitional.dtd">
<html xmlns="http://www.w3.org/1999/xhtml" xml:lang="en" lang="en">
 <head>
  <title>
</title>
<meta http-equiv="Content-Type" content="text/html;charset=utf-8" />
  <meta name='ocr-system' content='tesseract 3.04.00' />
  <meta name='ocr-capabilities' content='ocr_page ocr_carea ocr_par ocr_line ocrx_word'/>
</head>
<body>
  <div class='ocr_page' id='page_1' title='image "./liudprandiepisco00liuduoft_0143.png"; bbox 0 0 1838 3210; ppageno 0'>
   <div class='ocr_carea' id='block_1_1' title="bbox 232 232 1517 269">
    <p class='ocr_par' dir='ltr' id='par_1_1' title="bbox 232 232 1517 269">
     <span class='ocr_line' id='line_1_1' title="bbox 232 232 1517 269; baseline -0.002 -1"><span class='ocrx_word' id='word_1_1' title='bbox 232 234 535 269; x_wconf 79' lang='lat' dir='ltr'>LIUDPRANDI</span> <span class='ocrx_word' id='word_1_2' title='bbox 560 232 911 269; x_wconf 65' lang='lat' dir='ltr'>ANTAPODOMS.</span> <span class='ocrx_word' id='word_1_3' title='bbox 963 233 1059 266; x_wconf 88' lang='lat' dir='ltr'>LlB.</span> <span class='ocrx_word' id='word_1_4' title='bbox 1086 233 1150 266; x_wconf 88' lang='lat' dir='ltr'>VI.</span> <span class='ocrx_word' id='word_1_5' title='bbox 1195 232 1303 266; x_wconf 83' lang='grc'><strong>5-8.</strong></span> <span class='ocrx_word' id='word_1_6' title='bbox 1453 233 1517 265; x_wconf 80' lang='lat'>121</span> 
     </span>
    </p>
   </div>
   <div class='ocr_carea' id='block_1_2' title="bbox 35 343 1599 2529">
    <p class='ocr_par' dir='ltr' id='par_1_2' title="bbox 35 343 1599 2529">
     <span class='ocr_line' id='line_1_2' title="bbox 108 343 1599 398; baseline -0.001 -8.079"><span class='ocrx_word' id='word_1_7' title='bbox 108 366 115 383; x_wconf 87' lang='lat'><strong>·</strong></span> <span class='ocrx_word' id='word_1_8' title='bbox 133 359 225 388; x_wconf 85' lang='lat' dir='ltr'>ura</span> <span class='ocrx_word' id='word_1_9' title='bbox 262 360 289 388; x_wconf 89' lang='lat' dir='ltr'>a</span> <span class='ocrx_word' id='word_1_10' title='bbox 327 353 439 389; x_wconf 86' lang='lat' dir='ltr'>terra</span> <span class='ocrx_word' id='word_1_11' title='bbox 477 344 689 388; x_wconf 85' lang='lat' dir='ltr'>elevatum</span> <span class='ocrx_word' id='word_1_12' title='bbox 729 344 876 387; x_wconf 87' lang='lat' dir='ltr'>sedere</span> <span class='ocrx_word' id='word_1_13' title='bbox 915 343 1019 398; x_wconf 87' lang='lat' dir='ltr'>vidi,</span> <span class='ocrx_word' id='word_1_14' title='bbox 1059 357 1162 386; x_wconf 87' lang='lat' dir='ltr'>mox</span> <span class='ocrx_word' id='word_1_15' title='bbox 1200 344 1294 386; x_wconf 87' lang='lat' dir='ltr'>aliis</span> <span class='ocrx_word' id='word_1_16' title='bbox 1324 344 1519 389; x_wconf 88' lang='lat' dir='ltr'>indutum</span> <span class='ocrx_word' id='word_1_17' title='bbox 1534 354 1599 381; x_wconf 72' lang='lat'>⁹⁴⁹-</span> 
     </span>
     <span class='ocr_line' id='line_1_3' title="bbox 64 399 1519 459; baseline -0.001 -14"><span class='ocrx_word' id='word_1_18' title='bbox 64 401 215 445; x_wconf 88' lang='lat' dir='ltr'>tibus</span> <span class='ocrx_word' id='word_1_19' title='bbox 244 416 403 459; x_wconf 84' lang='lat' dir='ltr'><strong>poenes</strong></span> <span class='ocrx_word' id='word_1_20' title='bbox 432 400 585 444; x_wconf 88' lang='lat' dir='ltr'>domus</span> <span class='ocrx_word' id='word_1_21' title='bbox 613 399 787 458; x_wconf 87' lang='lat' dir='ltr'>laquear</span> <span class='ocrx_word' id='word_1_22' title='bbox 822 400 971 443; x_wconf 90' lang='lat' dir='ltr'>sedere</span> <span class='ocrx_word' id='word_1_23' title='bbox 1010 401 1233 457; x_wconf 81' lang='lat' dir='ltr'>prospexi3</span> <span class='ocrx_word' id='word_1_24' title='bbox 1273 400 1388 457; x_wconf 90' lang='lat' dir='ltr'>quod</span> <span class='ocrx_word' id='word_1_25' title='bbox 1419 416 1519 458; x_wconf 89' lang='lat' dir='ltr'>qua-</span> 
     </span>
     <span class='ocr_line' id='line_1_4' title="bbox 154 455 1519 514; baseline 0.002 -16.767"><span class='ocrx_word' id='word_1_26' title='bbox 154 457 288 512; x_wconf 88' lang='lat' dir='ltr'>fieret‚</span> <span class='ocrx_word' id='word_1_27' title='bbox 326 458 515 514; x_wconf 84' lang='lat' dir='ltr'>cogitare</span> <span class='ocrx_word' id='word_1_28' title='bbox 548 471 635 499; x_wconf 90' lang='lat' dir='ltr'>non</span> <span class='ocrx_word' id='word_1_29' title='bbox 674 457 808 514; x_wconf 90' lang='lat' dir='ltr'>potui,</span> <span class='ocrx_word' id='word_1_30' title='bbox 846 456 929 498; x_wconf 88' lang='lat' dir='ltr'>nisi</span> <span class='ocrx_word' id='word_1_31' title='bbox 962 456 1070 498; x_wconf 85' lang='lat' dir='ltr'>forte</span> <span class='ocrx_word' id='word_1_32' title='bbox 1107 470 1158 499; x_wconf 87' lang='lat' dir='ltr'>eo</span> <span class='ocrx_word' id='word_1_33' title='bbox 1197 457 1252 499; x_wconf 91' lang='lat' dir='ltr'>sit</span> <span class='ocrx_word' id='word_1_34' title='bbox 1288 455 1519 500; x_wconf 79' lang='lat' dir='ltr'>subvectus</span> 
     </span>
     <span class='ocr_line' id='line_1_5' title="bbox 50 511 1518 567; baseline -0.001 -10"><span class='ocrx_word' id='word_1_35' title='bbox 50 535 54 540; x_wconf 94' lang='lat'>·</span> <span class='ocrx_word' id='word_1_36' title='bbox 105 513 189 556; x_wconf 68' lang='lat' dir='ltr'>alio</span> <span class='ocrx_word' id='word_1_37' title='bbox 205 522 232 567; x_wconf 84' lang='lat'>¹,</span> <span class='ocrx_word' id='word_1_38' title='bbox 293 528 348 556; x_wconf 91' lang='lat' dir='ltr'>uo</span> <span class='ocrx_word' id='word_1_39' title='bbox 369 512 644 556; x_wconf 80' lang='lat' dir='ltr'><strong>torcularium</strong></span> <span class='ocrx_word' id='word_1_40' title='bbox 664 512 838 555; x_wconf 87' lang='lat' dir='ltr'>arbores</span> <span class='ocrx_word' id='word_1_41' title='bbox 859 511 1164 555; x_wconf 76' lang='lat' dir='ltr'>subvehuntur.</span> <span class='ocrx_word' id='word_1_42' title='bbox 1209 512 1293 555; x_wconf 87' lang='lat' dir='ltr'>Per</span> <span class='ocrx_word' id='word_1_43' title='bbox 1311 527 1356 555; x_wconf 87' lang='lat' dir='ltr'>se</span> <span class='ocrx_word' id='word_1_44' title='bbox 1377 521 1518 556; x_wconf 87' lang='lat' dir='ltr'>autem</span> 
     </span>
     <span class='ocr_line' id='line_1_6' title="bbox 44 567 1521 627; baseline 0 -16"><span class='ocrx_word' id='word_1_45' title='bbox 44 569 127 612; x_wconf 58' lang='lat' dir='ltr'>stne</span> <span class='ocrx_word' id='word_1_46' title='bbox 155 568 261 611; x_wconf 88' lang='lat' dir='ltr'><strong>nihil</strong></span> <span class='ocrx_word' id='word_1_47' title='bbox 304 577 466 623; x_wconf 87' lang='lat' dir='ltr'>ocutus,</span> <span class='ocrx_word' id='word_1_48' title='bbox 497 569 711 627; x_wconf 88' lang='lat' dir='ltr'>quoniam,</span> <span class='ocrx_word' id='word_1_49' title='bbox 740 575 783 611; x_wconf 91' lang='lat' dir='ltr'>et</span> <span class='ocrx_word' id='word_1_50' title='bbox 811 569 846 610; x_wconf 89' lang='lat' dir='ltr'>si</span> <span class='ocrx_word' id='word_1_51' title='bbox 866 567 1006 621; x_wconf 86' lang='lat' dir='ltr'>vellet,</span> <span class='ocrx_word' id='word_1_52' title='bbox 1036 567 1311 625; x_wconf 79' lang='lat' dir='ltr'>intercapedo</span> <span class='ocrx_word' id='word_1_53' title='bbox 1333 569 1521 611; x_wconf 83' lang='lat' dir='ltr'>maxima</span> 
     </span>
     <span class='ocr_line' id='line_1_7' title="bbox 55 623 1521 682; baseline -0.001 -14"><span class='ocrx_word' id='word_1_54' title='bbox 55 625 275 669; x_wconf 78' lang='lat' dir='ltr'>decorum</span> <span class='ocrx_word' id='word_1_55' title='bbox 304 625 476 679; x_wconf 87' lang='lat' dir='ltr'>faceret,</span> <span class='ocrx_word' id='word_1_56' title='bbox 521 625 573 667; x_wconf 91' lang='lat' dir='ltr'>de</span> <span class='ocrx_word' id='word_1_57' title='bbox 602 625 691 667; x_wconf 84' lang='lat' dir='ltr'>vita</span> <span class='ocrx_word' id='word_1_58' title='bbox 719 624 967 682; x_wconf 87' lang='lat' dir='ltr'>Berengarii</span> <span class='ocrx_word' id='word_1_59' title='bbox 998 631 1040 666; x_wconf 87' lang='lat' dir='ltr'>et</span> <span class='ocrx_word' id='word_1_60' title='bbox 1068 625 1271 682; x_wconf 87' lang='lat' dir='ltr'>sospitate</span> <span class='ocrx_word' id='word_1_61' title='bbox 1299 639 1377 680; x_wconf 87' lang='lat' dir='ltr'>per</span> <span class='ocrx_word' id='word_1_62' title='bbox 1404 623 1521 682; x_wconf 87' lang='lat' dir='ltr'>logo-</span> 
     </span>
     <span class='ocr_line' id='line_1_8' title="bbox 56 680 1520 739; baseline -0.001 -15"><span class='ocrx_word' id='word_1_63' title='bbox 56 704 59 718; x_wconf 76' lang='grc' dir='ltr'><em>ι</em></span> <span class='ocrx_word' id='word_1_64' title='bbox 81 688 184 725; x_wconf 84' lang='lat' dir='ltr'>tam</span> <span class='ocrx_word' id='word_1_65' title='bbox 213 688 279 724; x_wconf 90' lang='lat' dir='ltr'>est</span> <span class='ocrx_word' id='word_1_66' title='bbox 306 688 592 739; x_wconf 83' lang='lat' dir='ltr'>percontatus.</span> <span class='ocrx_word' id='word_1_67' title='bbox 642 680 723 724; x_wconf 84' lang='lat' dir='ltr'>Oui</span> <span class='ocrx_word' id='word_1_68' title='bbox 744 694 843 723; x_wconf 92' lang='lat' dir='ltr'>cum</span> <span class='ocrx_word' id='word_1_69' title='bbox 864 694 991 722; x_wconf 89' lang='lat' dir='ltr'>conse</span> <span class='ocrx_word' id='word_1_70' title='bbox 1023 687 1172 723; x_wconf 89' lang='lat' dir='ltr'>uenter</span> <span class='ocrx_word' id='word_1_71' title='bbox 1190 680 1520 737; x_wconf 82' lang='lat' dir='ltr'>respondissem,</span> 
     </span>
     <span class='ocr_line' id='line_1_9' title="bbox 35 736 1519 795; baseline 0 -15"><span class='ocrx_word' id='word_1_72' title='bbox 35 743 252 795; x_wconf 87' lang='lat' dir='ltr'>terprete</span> <span class='ocrx_word' id='word_1_73' title='bbox 280 752 375 780; x_wconf 88' lang='lat' dir='ltr'>sum</span> <span class='ocrx_word' id='word_1_74' title='bbox 404 738 607 780; x_wconf 81' lang='lat' dir='ltr'>innuente</span> <span class='ocrx_word' id='word_1_75' title='bbox 636 751 844 793; x_wconf 87' lang='lat' dir='ltr'>egressus,</span> <span class='ocrx_word' id='word_1_76' title='bbox 875 742 917 779; x_wconf 92' lang='lat' dir='ltr'>et</span> <span class='ocrx_word' id='word_1_77' title='bbox 935 736 980 778; x_wconf 87' lang='lat' dir='ltr'>in</span> <span class='ocrx_word' id='word_1_78' title='bbox 1028 743 1144 779; x_wconf 88' lang='lat' dir='ltr'>atum</span> <span class='ocrx_word' id='word_1_79' title='bbox 1165 736 1268 778; x_wconf 91' lang='lat' dir='ltr'>mihi</span> <span class='ocrx_word' id='word_1_80' title='bbox 1288 736 1519 794; x_wconf 86' lang='lat' dir='ltr'><strong>hospitium</strong></span> 
     </span>
     <span class='ocr_line' id='line_1_10' title="bbox 53 802 364 837; baseline -0.003 0"><span class='ocrx_word' id='word_1_81' title='bbox 53 807 126 837; x_wconf 85' lang='lat' dir='ltr'>ox</span> <span class='ocrx_word' id='word_1_82' title='bbox 153 807 250 837; x_wconf 85' lang='lat' dir='ltr'>rece</span> <span class='ocrx_word' id='word_1_83' title='bbox 282 802 364 836; x_wconf 88' lang='lat' dir='ltr'>tus.</span> 
     </span>
     <span class='ocr_line' id='line_1_11' title="bbox 36 808 1590 906; baseline 0 -14"><span class='ocrx_word' id='word_1_84' title='bbox 36 862 44 878; x_wconf 49' lang='grc' dir='ltr'>ἱ</span> <span class='ocrx_word' id='word_1_85' title='bbox 136 850 176 895; x_wconf 91' lang='grc'>6.</span> <span class='ocrx_word' id='word_1_86' title='bbox 221 808 309 892; x_wconf 60' lang='grc' dir='ltr'>δξᾰ</span> <span class='ocrx_word' id='word_1_87' title='bbox 347 863 426 892; x_wconf 92' lang='lat' dir='ltr'>nec</span> <span class='ocrx_word' id='word_1_88' title='bbox 464 848 545 892; x_wconf 92' lang='lat' dir='ltr'>hoc</span> <span class='ocrx_word' id='word_1_89' title='bbox 583 849 729 906; x_wconf 85' lang='lat' dir='ltr'>pigeat</span> <span class='ocrx_word' id='word_1_90' title='bbox 764 862 1014 902; x_wconf 86' lang='lat' dir='ltr'>memorare,</span> <span class='ocrx_word' id='word_1_91' title='bbox 1052 847 1157 905; x_wconf 90' lang='lat' dir='ltr'>quid</span> <span class='ocrx_word' id='word_1_92' title='bbox 1195 855 1298 891; x_wconf 89' lang='lat' dir='ltr'>tunc</span> <span class='ocrx_word' id='word_1_93' title='bbox 1332 863 1410 906; x_wconf 90' lang='lat' dir='ltr'>pro</span> <span class='ocrx_word' id='word_1_94' title='bbox 1441 849 1590 899; x_wconf 74' lang='lat' dir='ltr'>Be-&lt;a.›</span> 
     </span>
     <span class='ocr_line' id='line_1_12' title="bbox 37 903 1521 962; baseline 0.005 -21"><span class='ocrx_word' id='word_1_95' title='bbox 37 926 90 958; x_wconf 53' lang='lat'>321.</span> <span class='ocrx_word' id='word_1_96' title='bbox 99 905 221 962; x_wconf 79' lang='lat' dir='ltr'>gario</span> <span class='ocrx_word' id='word_1_97' title='bbox 251 906 423 962; x_wconf 86' lang='lat' dir='ltr'>egerim,</span> <span class='ocrx_word' id='word_1_98' title='bbox 454 904 617 948; x_wconf 86' lang='lat' dir='ltr'>scilicet</span> <span class='ocrx_word' id='word_1_99' title='bbox 646 910 693 946; x_wconf 91' lang='lat' dir='ltr'>ut</span> <span class='ocrx_word' id='word_1_100' title='bbox 721 911 991 961; x_wconf 80' lang='lat' dir='ltr'>agnoscatur,</span> <span class='ocrx_word' id='word_1_101' title='bbox 1022 911 1181 960; x_wconf 85' lang='lat' dir='ltr'>quanta</span> <span class='ocrx_word' id='word_1_102' title='bbox 1210 903 1323 947; x_wconf 90' lang='lat' dir='ltr'>hunc</span> <span class='ocrx_word' id='word_1_103' title='bbox 1345 906 1521 948; x_wconf 87' lang='lat' dir='ltr'>caritate</span> 
     </span>
     <span class='ocr_line' id='line_1_13' title="bbox 38 960 1521 1026; baseline 0 -22"><span class='ocrx_word' id='word_1_104' title='bbox 38 968 57 996; x_wconf 72' lang='lat'>1³</span> <span class='ocrx_word' id='word_1_105' title='bbox 85 962 260 1015; x_wconf 87' lang='lat' dir='ltr'>exerim,</span> <span class='ocrx_word' id='word_1_106' title='bbox 297 969 340 1004; x_wconf 91' lang='lat' dir='ltr'>et</span> <span class='ocrx_word' id='word_1_107' title='bbox 376 960 617 1003; x_wconf 90' lang='lat' dir='ltr'>cuiusmodi</span> <span class='ocrx_word' id='word_1_108' title='bbox 655 961 710 1003; x_wconf 86' lang='lat' dir='ltr'>ab</span> <span class='ocrx_word' id='word_1_109' title='bbox 747 975 798 1003; x_wconf 92' lang='lat' dir='ltr'>eo</span> <span class='ocrx_word' id='word_1_110' title='bbox 837 960 1259 1026; x_wconf 82' lang='lat' dir='ltr'>reconpensationem</span> <span class='ocrx_word' id='word_1_111' title='bbox 1296 975 1374 1018; x_wconf 92' lang='lat' dir='ltr'>pro</span> <span class='ocrx_word' id='word_1_112' title='bbox 1412 961 1521 1004; x_wconf 92' lang='lat' dir='ltr'>bene</span> 
     </span>
     <span class='ocr_line' id='line_1_14' title="bbox 38 1016 1522 1074; baseline 0.001 -15"><span class='ocrx_word' id='word_1_113' title='bbox 38 1023 156 1066; x_wconf 48' lang='lat' dir='ltr'>,antis</span> <span class='ocrx_word' id='word_1_114' title='bbox 194 1018 447 1074; x_wconf 86' lang='lat' dir='ltr'>acceperim.</span> <span class='ocrx_word' id='word_1_115' title='bbox 515 1016 807 1073; x_wconf 83' lang='lat' dir='ltr'>Hispanorum</span> <span class='ocrx_word' id='word_1_116' title='bbox 846 1017 983 1059; x_wconf 78' lang='lat' dir='ltr'>nuntii</span> <span class='ocrx_word' id='word_1_117' title='bbox 1021 1021 1063 1059; x_wconf 86' lang='lat' dir='ltr'>et</span> <span class='ocrx_word' id='word_1_118' title='bbox 1100 1017 1341 1059; x_wconf 86' lang='lat' dir='ltr'>nominatus</span> <span class='ocrx_word' id='word_1_119' title='bbox 1377 1017 1522 1060; x_wconf 90' lang='lat' dir='ltr'>Liute-</span> 
     </span>
     <span class='ocr_line' id='line_1_15' title="bbox 40 1072 1522 1130; baseline 0.003 -18"><span class='ocrx_word' id='word_1_120' title='bbox 40 1084 50 1125; x_wconf 68' lang='grc' dir='ltr'>ᾗ</span> <span class='ocrx_word' id='word_1_121' title='bbox 72 1087 181 1127; x_wconf 88' lang='lat' dir='ltr'>-us,</span> <span class='ocrx_word' id='word_1_122' title='bbox 211 1073 372 1115; x_wconf 87' lang='lat' dir='ltr'>domini</span> <span class='ocrx_word' id='word_1_123' title='bbox 400 1073 534 1115; x_wconf 87' lang='lat' dir='ltr'>nostri</span> <span class='ocrx_word' id='word_1_124' title='bbox 563 1079 665 1116; x_wconf 90' lang='lat' dir='ltr'>tunc</span> <span class='ocrx_word' id='word_1_125' title='bbox 695 1073 808 1129; x_wconf 89' lang='lat' dir='ltr'>regis</span> <span class='ocrx_word' id='word_1_126' title='bbox 840 1072 1010 1115; x_wconf 91' lang='lat' dir='ltr'>Ottonis</span> <span class='ocrx_word' id='word_1_127' title='bbox 1044 1073 1231 1126; x_wconf 89' lang='lat' dir='ltr'>nuntius,</span> <span class='ocrx_word' id='word_1_128' title='bbox 1271 1088 1428 1130; x_wconf 88' lang='lat' dir='ltr'>magna</span> <span class='ocrx_word' id='word_1_129' title='bbox 1466 1089 1522 1116; x_wconf 85' lang='lat' dir='ltr'>ex</span> 
     </span>
     <span class='ocr_line' id='line_1_16' title="bbox 41 1127 1521 1186; baseline 0.001 -15"><span class='ocrx_word' id='word_1_130' title='bbox 41 1143 172 1171; x_wconf 85' lang='lat' dir='ltr'>rum</span> <span class='ocrx_word' id='word_1_131' title='bbox 202 1129 385 1171; x_wconf 91' lang='lat' dir='ltr'>dominis</span> <span class='ocrx_word' id='word_1_132' title='bbox 415 1135 548 1186; x_wconf 88' lang='lat' dir='ltr'>parte,</span> <span class='ocrx_word' id='word_1_133' title='bbox 578 1143 756 1171; x_wconf 87' lang='lat' dir='ltr'>munera</span> <span class='ocrx_word' id='word_1_134' title='bbox 783 1128 1030 1185; x_wconf 89' lang='lat' dir='ltr'>imperatori</span> <span class='ocrx_word' id='word_1_135' title='bbox 1052 1127 1331 1172; x_wconf 86' lang='lat' dir='ltr'>Constantino</span> <span class='ocrx_word' id='word_1_136' title='bbox 1362 1129 1521 1172; x_wconf 90' lang='lat' dir='ltr'>detule-</span> 
     </span>
     <span class='ocr_line' id='line_1_17' title="bbox 43 1183 1520 1242; baseline 0.007 -24"><span class='ocrx_word' id='word_1_137' title='bbox 43 1216 45 1218; x_wconf 87' lang='lat'>.</span> <span class='ocrx_word' id='word_1_138' title='bbox 70 1192 131 1228; x_wconf 63' lang='lat' dir='ltr'>nt.</span> <span class='ocrx_word' id='word_1_139' title='bbox 190 1184 286 1241; x_wconf 86' lang='lat' dir='ltr'>Ego</span> <span class='ocrx_word' id='word_1_140' title='bbox 315 1199 416 1228; x_wconf 86' lang='lat' dir='ltr'>vero</span> <span class='ocrx_word' id='word_1_141' title='bbox 447 1185 694 1241; x_wconf 86' lang='lat' dir='ltr'>Berengarii</span> <span class='ocrx_word' id='word_1_142' title='bbox 734 1199 790 1227; x_wconf 86' lang='lat' dir='ltr'>ex</span> <span class='ocrx_word' id='word_1_143' title='bbox 825 1190 946 1241; x_wconf 90' lang='lat' dir='ltr'>parte</span> <span class='ocrx_word' id='word_1_144' title='bbox 981 1183 1086 1225; x_wconf 90' lang='lat' dir='ltr'>nihil</span> <span class='ocrx_word' id='word_1_145' title='bbox 1113 1191 1256 1240; x_wconf 89' lang='lat' dir='ltr'>preter</span> <span class='ocrx_word' id='word_1_146' title='bbox 1285 1185 1520 1242; x_wconf 85' lang='lat' dir='ltr'>epistolam,</span> 
     </span>
     <span class='ocr_line' id='line_1_18' title="bbox 93 1239 1519 1299; baseline 0.001 -16"><span class='ocrx_word' id='word_1_147' title='bbox 93 1239 204 1283; x_wconf 86' lang='lat' dir='ltr'>hanc</span> <span class='ocrx_word' id='word_1_148' title='bbox 232 1240 447 1284; x_wconf 84' lang='lat' dir='ltr'>mendatio</span> <span class='ocrx_word' id='word_1_149' title='bbox 478 1240 662 1298; x_wconf 85' lang='lat' dir='ltr'>plenam,</span> <span class='ocrx_word' id='word_1_150' title='bbox 692 1239 939 1283; x_wconf 86' lang='lat' dir='ltr'>detuleram.</span> <span class='ocrx_word' id='word_1_151' title='bbox 1008 1239 1220 1283; x_wconf 87' lang='lat' dir='ltr'>Estuabat</span> <span class='ocrx_word' id='word_1_152' title='bbox 1255 1244 1400 1299; x_wconf 83' lang='lat' dir='ltr'>itaque</span> <span class='ocrx_word' id='word_1_153' title='bbox 1435 1256 1519 1284; x_wconf 88' lang='lat' dir='ltr'>non</span> 
     </span>
     <span class='ocr_line' id='line_1_19' title="bbox 44 1295 1519 1354; baseline 0.004 -19"><span class='ocrx_word' id='word_1_154' title='bbox 44 1307 68 1332; x_wconf 88' lang='grc'>·.</span> <span class='ocrx_word' id='word_1_155' title='bbox 144 1316 166 1335; x_wconf 77' lang='grc' dir='ltr'>ι.</span> <span class='ocrx_word' id='word_1_156' title='bbox 217 1295 297 1339; x_wconf 85' lang='lat' dir='ltr'>hac</span> <span class='ocrx_word' id='word_1_157' title='bbox 334 1311 412 1354; x_wconf 88' lang='lat' dir='ltr'>pro</span> <span class='ocrx_word' id='word_1_158' title='bbox 450 1296 710 1339; x_wconf 84' lang='lat' dir='ltr'>verecundia</span> <span class='ocrx_word' id='word_1_159' title='bbox 747 1296 928 1348; x_wconf 88' lang='lat' dir='ltr'>animus,</span> <span class='ocrx_word' id='word_1_160' title='bbox 965 1302 1007 1339; x_wconf 91' lang='lat' dir='ltr'>et</span> <span class='ocrx_word' id='word_1_161' title='bbox 1046 1295 1150 1353; x_wconf 91' lang='lat' dir='ltr'>quid</span> <span class='ocrx_word' id='word_1_162' title='bbox 1190 1311 1319 1354; x_wconf 87' lang='lat' dir='ltr'>super</span> <span class='ocrx_word' id='word_1_163' title='bbox 1355 1296 1434 1340; x_wconf 86' lang='lat' dir='ltr'>hac</span> <span class='ocrx_word' id='word_1_164' title='bbox 1475 1313 1519 1341; x_wconf 89' lang='lat' dir='ltr'>re</span> 
     </span>
     <span class='ocr_line' id='line_1_20' title="bbox 60 1351 1519 1410; baseline 0 -14"><span class='ocrx_word' id='word_1_165' title='bbox 60 1408 62 1410; x_wconf 12' lang='lat' dir='ltr'>v</span> <span class='ocrx_word' id='word_1_166' title='bbox 102 1374 108 1378; x_wconf 91' lang='lat'><strong>·</strong></span> <span class='ocrx_word' id='word_1_167' title='bbox 140 1360 195 1407; x_wconf 87' lang='lat' dir='ltr'>et,</span> <span class='ocrx_word' id='word_1_168' title='bbox 226 1352 442 1409; x_wconf 85' lang='lat' dir='ltr'>cogitabat</span> <span class='ocrx_word' id='word_1_169' title='bbox 470 1353 683 1396; x_wconf 88' lang='lat' dir='ltr'>attentius.</span> <span class='ocrx_word' id='word_1_170' title='bbox 742 1351 941 1394; x_wconf 87' lang='lat' dir='ltr'>Estuanti</span> <span class='ocrx_word' id='word_1_171' title='bbox 971 1358 1113 1395; x_wconf 89' lang='lat' dir='ltr'>autem</span> <span class='ocrx_word' id='word_1_172' title='bbox 1144 1359 1186 1396; x_wconf 90' lang='lat' dir='ltr'>et</span> <span class='ocrx_word' id='word_1_173' title='bbox 1214 1352 1317 1395; x_wconf 87' lang='lat' dir='ltr'>mihi</span> <span class='ocrx_word' id='word_1_174' title='bbox 1339 1354 1519 1396; x_wconf 88' lang='lat' dir='ltr'>nimium</span> 
     </span>
     <span class='ocr_line' id='line_1_21' title="bbox 54 1407 1521 1467; baseline 0.001 -15"><span class='ocrx_word' id='word_1_175' title='bbox 54 1408 247 1452; x_wconf 85' lang='lat' dir='ltr'>ctuanti</span> <span class='ocrx_word' id='word_1_176' title='bbox 286 1423 407 1451; x_wconf 89' lang='lat' dir='ltr'>mens</span> <span class='ocrx_word' id='word_1_177' title='bbox 443 1409 677 1465; x_wconf 83' lang='lat' dir='ltr'>suggessit,</span> <span class='ocrx_word' id='word_1_178' title='bbox 718 1408 917 1465; x_wconf 86' lang='lat' dir='ltr'>quatinus</span> <span class='ocrx_word' id='word_1_179' title='bbox 956 1407 1087 1462; x_wconf 87' lang='lat' dir='ltr'>dona,</span> <span class='ocrx_word' id='word_1_180' title='bbox 1127 1421 1237 1466; x_wconf 85' lang='lat' dir='ltr'>quae</span> <span class='ocrx_word' id='word_1_181' title='bbox 1274 1410 1521 1467; x_wconf 87' lang='lat' dir='ltr'>imperatori</span> 
     </span>
     <span class='ocr_line' id='line_1_22' title="bbox 48 1463 1520 1523; baseline 0.001 -16"><span class='ocrx_word' id='word_1_182' title='bbox 48 1475 108 1502; x_wconf 75' lang='lat'>2÷·:</span> <span class='ocrx_word' id='word_1_183' title='bbox 148 1479 204 1508; x_wconf 87' lang='lat' dir='ltr'>ex</span> <span class='ocrx_word' id='word_1_184' title='bbox 233 1470 354 1522; x_wconf 87' lang='lat' dir='ltr'>parte</span> <span class='ocrx_word' id='word_1_185' title='bbox 384 1463 630 1518; x_wconf 83' lang='lat' dir='ltr'>detuleram,</span> <span class='ocrx_word' id='word_1_186' title='bbox 659 1464 908 1519; x_wconf 85' lang='lat' dir='ltr'>Berengarii</span> <span class='ocrx_word' id='word_1_187' title='bbox 930 1477 986 1506; x_wconf 85' lang='lat' dir='ltr'>ex</span> <span class='ocrx_word' id='word_1_188' title='bbox 1005 1470 1126 1521; x_wconf 89' lang='lat' dir='ltr'>parte</span> <span class='ocrx_word' id='word_1_189' title='bbox 1146 1465 1395 1520; x_wconf 82' lang='lat' dir='ltr'>conferrem,</span> <span class='ocrx_word' id='word_1_190' title='bbox 1426 1480 1520 1523; x_wconf 86' lang='lat' dir='ltr'>par-</span> 
     </span>
     <span class='ocr_line' id='line_1_23' title="bbox 50 1520 1521 1579; baseline 0.001 -16"><span class='ocrx_word' id='word_1_191' title='bbox 50 1524 68 1572; x_wconf 51' lang='lat' dir='ltr'>&#39;g</span> <span class='ocrx_word' id='word_1_192' title='bbox 93 1541 114 1559; x_wconf 70' lang='grc' dir='ltr'>ο·</span> <span class='ocrx_word' id='word_1_193' title='bbox 127 1535 211 1579; x_wconf 88' lang='lat' dir='ltr'>que</span> <span class='ocrx_word' id='word_1_194' title='bbox 241 1535 395 1563; x_wconf 89' lang='lat' dir='ltr'>munus</span> <span class='ocrx_word' id='word_1_195' title='bbox 454 1527 551 1563; x_wconf 88' lang='lat' dir='ltr'>rout</span> <span class='ocrx_word' id='word_1_196' title='bbox 570 1535 739 1578; x_wconf 88' lang='lat' dir='ltr'>possem</span> <span class='ocrx_word' id='word_1_197' title='bbox 760 1520 904 1564; x_wconf 84' lang='lat' dir='ltr'>verbis</span> <span class='ocrx_word' id='word_1_198' title='bbox 925 1534 1119 1563; x_wconf 84' lang='lat' dir='ltr'>ornarem</span> <span class='ocrx_word' id='word_1_199' title='bbox 1136 1527 1165 1562; x_wconf 85' lang='lat'>².</span> <span class='ocrx_word' id='word_1_200' title='bbox 1208 1520 1356 1578; x_wconf 91' lang='lat' dir='ltr'>Optuli</span> <span class='ocrx_word' id='word_1_201' title='bbox 1377 1528 1521 1565; x_wconf 89' lang='lat' dir='ltr'>autem</span> 
     </span>
     <span class='ocr_line' id='line_1_24' title="bbox 60 1575 1518 1634; baseline 0 -14"><span class='ocrx_word' id='word_1_202' title='bbox 60 1616 64 1620; x_wconf 82' lang='grc'><em>,</em></span> <span class='ocrx_word' id='word_1_203' title='bbox 90 1576 175 1619; x_wconf 82' lang='lat' dir='ltr'>‘cas</span> <span class='ocrx_word' id='word_1_204' title='bbox 205 1577 388 1634; x_wconf 89' lang='lat' dir='ltr'>optimas</span> <span class='ocrx_word' id='word_1_205' title='bbox 481 1577 559 1630; x_wconf 87' lang='lat'>111,</span> <span class='ocrx_word' id='word_1_206' title='bbox 589 1583 710 1619; x_wconf 86' lang='lat' dir='ltr'>scuta</span> <span class='ocrx_word' id='word_1_207' title='bbox 739 1591 763 1618; x_wconf 93' lang='grc' dir='ltr'>ο</span> <span class='ocrx_word' id='word_1_208' title='bbox 796 1577 900 1620; x_wconf 89' lang='lat' dir='ltr'>tima</span> <span class='ocrx_word' id='word_1_209' title='bbox 920 1590 1019 1618; x_wconf 91' lang='lat' dir='ltr'>cum</span> <span class='ocrx_word' id='word_1_210' title='bbox 1041 1575 1166 1619; x_wconf 88' lang='lat' dir='ltr'>bullis</span> <span class='ocrx_word' id='word_1_211' title='bbox 1186 1577 1401 1621; x_wconf 87' lang='lat' dir='ltr'>deauratis</span> <span class='ocrx_word' id='word_1_212' title='bbox 1421 1578 1518 1633; x_wconf 90' lang='lat' dir='ltr'>VII,</span> 
     </span>
     <span class='ocr_line' id='line_1_25' title="bbox 66 1630 1519 1699; baseline 0.002 -24.977"><span class='ocrx_word' id='word_1_213' title='bbox 66 1686 69 1687; x_wconf 16' lang='lat'><em>⁷</em></span> <span class='ocrx_word' id='word_1_214' title='bbox 89 1646 185 1699; x_wconf 63' lang='grc' dir='ltr'>Ῥω</span> <span class='ocrx_word' id='word_1_215' title='bbox 222 1639 445 1689; x_wconf 86' lang='lat' dir='ltr'>argenteas</span> <span class='ocrx_word' id='word_1_216' title='bbox 474 1632 702 1676; x_wconf 77' lang='lat' dir='ltr'>deauratas</span> <span class='ocrx_word' id='word_1_217' title='bbox 778 1664 787 1685; x_wconf 91' lang='lat'>,</span> <span class='ocrx_word' id='word_1_218' title='bbox 825 1647 960 1686; x_wconf 87' lang='lat' dir='ltr'>enses,</span> <span class='ocrx_word' id='word_1_219' title='bbox 999 1630 1181 1687; x_wconf 88' lang='lat' dir='ltr'>lanceas,</span> <span class='ocrx_word' id='word_1_220' title='bbox 1221 1648 1366 1688; x_wconf 89' lang='lat' dir='ltr'>verua,</span> <span class='ocrx_word' id='word_1_221' title='bbox 1403 1648 1519 1677; x_wconf 88' lang='lat' dir='ltr'>man-</span> 
     </span>
     <span class='ocr_line' id='line_1_26' title="bbox 51 1688 1519 1756; baseline 0.001 -24"><span class='ocrx_word' id='word_1_222' title='bbox 51 1702 139 1744; x_wconf 35' lang='lat' dir='ltr'>,ia</span> <span class='ocrx_word' id='word_1_223' title='bbox 166 1688 297 1732; x_wconf 70' lang='grc' dir='ltr'>ΙΙΙΙ(η</span> <span class='ocrx_word' id='word_1_224' title='bbox 334 1689 603 1742; x_wconf 84' lang='lat' dir='ltr'>carzimasia,</span> <span class='ocrx_word' id='word_1_225' title='bbox 642 1689 887 1745; x_wconf 86' lang='lat' dir='ltr'>imperatori</span> <span class='ocrx_word' id='word_1_226' title='bbox 926 1689 1152 1731; x_wconf 88' lang='lat' dir='ltr'>nominatis</span> <span class='ocrx_word' id='word_1_227' title='bbox 1193 1690 1390 1733; x_wconf 88' lang='lat' dir='ltr'>omnibus</span> <span class='ocrx_word' id='word_1_228' title='bbox 1425 1705 1519 1756; x_wconf 83' lang='lat' dir='ltr'>pre·</span> 
     </span>
     <span class='ocr_line' id='line_1_27' title="bbox 71 1744 1519 1802; baseline 0 -13"><span class='ocrx_word' id='word_1_229' title='bbox 71 1744 217 1787; x_wconf 64' lang='lat' dir='ltr'>‘iol-a.</span> <span class='ocrx_word' id='word_1_230' title='bbox 259 1744 566 1788; x_wconf 84' lang='lat' dir='ltr'>Carzimasium</span> <span class='ocrx_word' id='word_1_231' title='bbox 588 1750 728 1787; x_wconf 82' lang='lat' dir='ltr'>autem</span> <span class='ocrx_word' id='word_1_232' title='bbox 747 1744 877 1788; x_wconf 88' lang='lat' dir='ltr'>Greci</span> <span class='ocrx_word' id='word_1_233' title='bbox 897 1751 1054 1787; x_wconf 88' lang='lat' dir='ltr'>vocant</span> <span class='ocrx_word' id='word_1_234' title='bbox 1073 1746 1305 1802; x_wconf 84' lang='lat' dir='ltr'>amputatis</span> <span class='ocrx_word' id='word_1_235' title='bbox 1325 1745 1519 1789; x_wconf 88' lang='lat' dir='ltr'>virihbus</span> 
     </span>
     <span class='ocr_line' id='line_1_28' title="bbox 92 1799 1518 1858; baseline 0.001 -14"><span class='ocrx_word' id='word_1_236' title='bbox 92 1801 215 1857; x_wconf 85' lang='lat' dir='ltr'>virga</span> <span class='ocrx_word' id='word_1_237' title='bbox 244 1815 423 1858; x_wconf 89' lang='lat' dir='ltr'>puerum</span> <span class='ocrx_word' id='word_1_238' title='bbox 461 1800 723 1854; x_wconf 83' lang='lat' dir='ltr'>eunuchum3</span> <span class='ocrx_word' id='word_1_239' title='bbox 760 1799 875 1857; x_wconf 91' lang='lat' dir='ltr'>quod</span> <span class='ocrx_word' id='word_1_240' title='bbox 904 1800 1232 1844; x_wconf 84' lang='lat' dir='ltr'>Verdunenses³</span> <span class='ocrx_word' id='word_1_241' title='bbox 1263 1809 1518 1846; x_wconf 88' lang='lat' dir='ltr'>mercatores</span> 
     </span>
     <span class='ocr_line' id='line_1_29' title="bbox 66 1856 1518 1913; baseline 0.001 -14"><span class='ocrx_word' id='word_1_242' title='bbox 66 1881 68 1888; x_wconf 93' lang='lat'>·</span> <span class='ocrx_word' id='word_1_243' title='bbox 106 1857 346 1900; x_wconf 85' lang='lat' dir='ltr'>inmensum</span> <span class='ocrx_word' id='word_1_244' title='bbox 376 1856 541 1899; x_wconf 87' lang='lat' dir='ltr'>lucrum</span> <span class='ocrx_word' id='word_1_245' title='bbox 571 1856 725 1911; x_wconf 88' lang='lat' dir='ltr'>facere,</span> <span class='ocrx_word' id='word_1_246' title='bbox 755 1863 798 1900; x_wconf 92' lang='lat' dir='ltr'>et</span> <span class='ocrx_word' id='word_1_247' title='bbox 826 1857 868 1898; x_wconf 89' lang='lat' dir='ltr'>in</span> <span class='ocrx_word' id='word_1_248' title='bbox 900 1856 1154 1913; x_wconf 88' lang='lat' dir='ltr'>Hispaniam</span> <span class='ocrx_word' id='word_1_249' title='bbox 1184 1858 1342 1903; x_wconf 87' lang='lat' dir='ltr'>ducere</span> <span class='ocrx_word' id='word_1_250' title='bbox 1369 1858 1518 1902; x_wconf 88' lang='lat' dir='ltr'>solent.</span> 
     </span>
     <span class='ocr_line' id='line_1_30' title="bbox 134 1912 1518 1972; baseline 0.001 -16.947"><span class='ocrx_word' id='word_1_251' title='bbox 134 1913 172 1955; x_wconf 86' lang='lat'>7.</span> <span class='ocrx_word' id='word_1_252' title='bbox 203 1912 285 1955; x_wconf 89' lang='lat' dir='ltr'>His</span> <span class='ocrx_word' id='word_1_253' title='bbox 313 1913 372 1957; x_wconf 87' lang='lat' dir='ltr'>ita</span> <span class='ocrx_word' id='word_1_254' title='bbox 391 1914 534 1970; x_wconf 88' lang='lat' dir='ltr'>gestis,</span> <span class='ocrx_word' id='word_1_255' title='bbox 564 1913 797 1970; x_wconf 89' lang='lat' dir='ltr'>imperator</span> <span class='ocrx_word' id='word_1_256' title='bbox 816 1927 885 1954; x_wconf 88' lang='lat' dir='ltr'>me</span> <span class='ocrx_word' id='word_1_257' title='bbox 905 1920 1002 1970; x_wconf 88' lang='lat' dir='ltr'>post</span> <span class='ocrx_word' id='word_1_258' title='bbox 1021 1913 1210 1956; x_wconf 88' lang='lat' dir='ltr'>triduum</span> <span class='ocrx_word' id='word_1_259' title='bbox 1232 1913 1287 1957; x_wconf 89' lang='lat' dir='ltr'>ad</span> <span class='ocrx_word' id='word_1_260' title='bbox 1313 1913 1518 1972; x_wconf 87' lang='lat' dir='ltr'>palatium</span> 
     </span>
     <span class='ocr_line' id='line_1_31' title="bbox 58 1967 1518 2035; baseline 0.002 -24"><span class='ocrx_word' id='word_1_261' title='bbox 58 1972 63 1979; x_wconf 89' lang='lat'>&#39;</span> <span class='ocrx_word' id='word_1_262' title='bbox 112 1983 175 2011; x_wconf 86' lang='lat' dir='ltr'>re</span> <span class='ocrx_word' id='word_1_263' title='bbox 213 1969 418 2035; x_wconf 84' lang='lat' dir='ltr'>precepit,</span> <span class='ocrx_word' id='word_1_264' title='bbox 458 1969 719 2027; x_wconf 88' lang='lat' dir='ltr'>proprioque</span> <span class='ocrx_word' id='word_1_265' title='bbox 757 1982 926 2011; x_wconf 89' lang='lat' dir='ltr'>mecum</span> <span class='ocrx_word' id='word_1_266' title='bbox 969 1982 1041 2011; x_wconf 86' lang='lat' dir='ltr'>ore</span> <span class='ocrx_word' id='word_1_267' title='bbox 1079 1967 1260 2025; x_wconf 91' lang='lat' dir='ltr'>locutus,</span> <span class='ocrx_word' id='word_1_268' title='bbox 1291 1970 1347 2013; x_wconf 88' lang='lat' dir='ltr'>ad</span> <span class='ocrx_word' id='word_1_269' title='bbox 1377 1971 1518 2014; x_wconf 87' lang='lat' dir='ltr'>convi-</span> 
     </span>
     <span class='ocr_line' id='line_1_32' title="bbox 110 2025 1519 2084; baseline 0.004 -18"><span class='ocrx_word' id='word_1_270' title='bbox 110 2044 131 2062; x_wconf 80' lang='grc' dir='ltr'>ιι</span> <span class='ocrx_word' id='word_1_271' title='bbox 170 2025 380 2079; x_wconf 81' lang='lat' dir='ltr'>invitavit,</span> <span class='ocrx_word' id='word_1_272' title='bbox 410 2039 652 2083; x_wconf 86' lang='lat' dir='ltr'>magnoque</span> <span class='ocrx_word' id='word_1_273' title='bbox 682 2032 780 2082; x_wconf 89' lang='lat' dir='ltr'>post</span> <span class='ocrx_word' id='word_1_274' title='bbox 807 2025 1052 2068; x_wconf 85' lang='lat' dir='ltr'>convivium</span> <span class='ocrx_word' id='word_1_275' title='bbox 1082 2040 1150 2068; x_wconf 90' lang='lat' dir='ltr'>me</span> <span class='ocrx_word' id='word_1_276' title='bbox 1180 2041 1384 2084; x_wconf 89' lang='lat' dir='ltr'>meosque</span> <span class='ocrx_word' id='word_1_277' title='bbox 1407 2041 1519 2071; x_wconf 83' lang='lat' dir='ltr'>asse-</span> 
     </span>
     <span class='ocr_line' id='line_1_33' title="bbox 63 2079 1519 2138; baseline 0.002 -16"><span class='ocrx_word' id='word_1_278' title='bbox 63 2102 65 2109; x_wconf 53' lang='lat'><em>1</em></span> <span class='ocrx_word' id='word_1_279' title='bbox 103 2099 135 2117; x_wconf 71' lang='lat'>2:</span> <span class='ocrx_word' id='word_1_280' title='bbox 171 2094 347 2124; x_wconf 88' lang='lat' dir='ltr'>munere</span> <span class='ocrx_word' id='word_1_281' title='bbox 377 2079 562 2123; x_wconf 83' lang='lat' dir='ltr'>donavit.</span> <span class='ocrx_word' id='word_1_282' title='bbox 620 2080 783 2123; x_wconf 89' lang='lat' dir='ltr'>Verum</span> <span class='ocrx_word' id='word_1_283' title='bbox 815 2081 917 2138; x_wconf 87' lang='lat' dir='ltr'>quia</span> <span class='ocrx_word' id='word_1_284' title='bbox 951 2081 1152 2124; x_wconf 88' lang='lat' dir='ltr'>narrandi</span> <span class='ocrx_word' id='word_1_285' title='bbox 1184 2097 1229 2126; x_wconf 92' lang='lat' dir='ltr'>se</span> <span class='ocrx_word' id='word_1_286' title='bbox 1259 2083 1428 2126; x_wconf 86' lang='lat' dir='ltr'>occasio</span> <span class='ocrx_word' id='word_1_287' title='bbox 1460 2083 1519 2125; x_wconf 91' lang='lat' dir='ltr'>in-</span> 
     </span>
     <span class='ocr_line' id='line_1_34' title="bbox 66 2134 1518 2196; baseline 0.002 -17"><span class='ocrx_word' id='word_1_288' title='bbox 66 2134 130 2191; x_wconf 82' lang='lat' dir='ltr'>·t,</span> <span class='ocrx_word' id='word_1_289' title='bbox 160 2135 298 2193; x_wconf 87' lang='lat' dir='ltr'>qualis</span> <span class='ocrx_word' id='word_1_290' title='bbox 327 2137 418 2179; x_wconf 87' lang='lat' dir='ltr'>eius</span> <span class='ocrx_word' id='word_1_291' title='bbox 446 2137 502 2179; x_wconf 87' lang='lat' dir='ltr'>sit</span> <span class='ocrx_word' id='word_1_292' title='bbox 530 2150 688 2190; x_wconf 87' lang='lat' dir='ltr'>mensa,</span> <span class='ocrx_word' id='word_1_293' title='bbox 717 2136 835 2180; x_wconf 87' lang='lat' dir='ltr'>festis</span> <span class='ocrx_word' id='word_1_294' title='bbox 865 2137 1071 2194; x_wconf 85' lang='lat' dir='ltr'>precipue</span> <span class='ocrx_word' id='word_1_295' title='bbox 1091 2137 1254 2193; x_wconf 88' lang='lat' dir='ltr'>diebus,</span> <span class='ocrx_word' id='word_1_296' title='bbox 1286 2137 1518 2196; x_wconf 86' lang='lat' dir='ltr'>qualesque</span> 
     </span>
     <span class='ocr_line' id='line_1_35' title="bbox 62 2191 1517 2291; baseline 0.003 -57"><span class='ocrx_word' id='word_1_297' title='bbox 62 2199 63 2202; x_wconf 76' lang='grc'>’</span> <span class='ocrx_word' id='word_1_298' title='bbox 91 2206 295 2291; x_wconf 42' lang='lat' dir='ltr'>&amp;cusam</span> <span class='ocrx_word' id='word_1_299' title='bbox 335 2191 422 2235; x_wconf 91' lang='lat' dir='ltr'>ludi</span> <span class='ocrx_word' id='word_1_300' title='bbox 462 2191 743 2248; x_wconf 71' lang='lat' dir='ltr'>celebrentur,</span> <span class='ocrx_word' id='word_1_301' title='bbox 781 2193 942 2236; x_wconf 89' lang='lat' dir='ltr'>bonum</span> <span class='ocrx_word' id='word_1_302' title='bbox 982 2207 1067 2235; x_wconf 93' lang='lat' dir='ltr'>non</span> <span class='ocrx_word' id='word_1_303' title='bbox 1106 2193 1259 2251; x_wconf 87' lang='lat' dir='ltr'>opinor</span> <span class='ocrx_word' id='word_1_304' title='bbox 1287 2194 1411 2238; x_wconf 88' lang='lat' dir='ltr'>silere</span> <span class='ocrx_word' id='word_1_305' title='bbox 1443 2195 1517 2238; x_wconf 91' lang='lat' dir='ltr'>sed</span> 
     </span>
     <span class='ocr_line' id='line_1_36' title="bbox 68 2262 218 2291; baseline -0.007 0"><span class='ocrx_word' id='word_1_306' title='bbox 68 2272 69 2276; x_wconf 65' lang='lat'><em>=</em></span> <span class='ocrx_word' id='word_1_307' title='bbox 160 2262 218 2291; x_wconf 89' lang='lat' dir='ltr'>re.</span> 
     </span>
     <span class='ocr_line' id='line_1_37' title="bbox 67 2303 1516 2362; baseline 0.003 -16"><span class='ocrx_word' id='word_1_308' title='bbox 67 2344 70 2345; x_wconf 19' lang='lat'><em>⁷</em></span> <span class='ocrx_word' id='word_1_309' title='bbox 134 2304 173 2347; x_wconf 89' lang='lat'>8.</span> <span class='ocrx_word' id='word_1_310' title='bbox 231 2303 311 2346; x_wconf 89' lang='lat' dir='ltr'>Est</span> <span class='ocrx_word' id='word_1_311' title='bbox 344 2303 496 2347; x_wconf 89' lang='lat' dir='ltr'>domus</span> <span class='ocrx_word' id='word_1_312' title='bbox 533 2305 654 2347; x_wconf 83' lang='lat' dir='ltr'>iuxta</span> <span class='ocrx_word' id='word_1_313' title='bbox 691 2303 1031 2362; x_wconf 86' lang='lat' dir='ltr'>yppodromum,</span> <span class='ocrx_word' id='word_1_314' title='bbox 1073 2303 1316 2362; x_wconf 87' lang='lat' dir='ltr'>aquilonem</span> <span class='ocrx_word' id='word_1_315' title='bbox 1354 2321 1516 2361; x_wconf 73' lang='lat' dir='ltr'>versuS,</span> 
     </span>
     <span class='ocr_line' id='line_1_38' title="bbox 63 2358 1517 2418; baseline 0.002 -16"><span class='ocrx_word' id='word_1_316' title='bbox 63 2363 82 2415; x_wconf 49' lang='grc' dir='ltr'>ᾗ·</span> <span class='ocrx_word' id='word_1_317' title='bbox 110 2379 115 2394; x_wconf 74' lang='lat'><em>2</em></span> <span class='ocrx_word' id='word_1_318' title='bbox 180 2358 412 2403; x_wconf 84' lang='lat' dir='ltr'>altitudinis</span> <span class='ocrx_word' id='word_1_319' title='bbox 442 2375 516 2403; x_wconf 85' lang='lat' dir='ltr'>scu</span> <span class='ocrx_word' id='word_1_320' title='bbox 546 2359 888 2418; x_wconf 86' lang='lat' dir='ltr'>pulchritudinis,</span> <span class='ocrx_word' id='word_1_321' title='bbox 919 2373 1030 2418; x_wconf 89' lang='lat' dir='ltr'>quae</span> <span class='ocrx_word' id='word_1_322' title='bbox 1058 2360 1423 2406; x_wconf 85' lang='lat' dir='ltr'>decanneacubita</span> <span class='ocrx_word' id='word_1_323' title='bbox 1445 2377 1517 2405; x_wconf 90' lang='lat' dir='ltr'>vo-</span> 
     </span>
     <span class='ocr_line' id='line_1_39' title="bbox 85 2414 1517 2474; baseline 0.003 -17"><span class='ocrx_word' id='word_1_324' title='bbox 85 2429 152 2469; x_wconf 85' lang='lat' dir='ltr'>··r‚</span> <span class='ocrx_word' id='word_1_325' title='bbox 193 2414 308 2474; x_wconf 92' lang='lat' dir='ltr'>quod</span> <span class='ocrx_word' id='word_1_326' title='bbox 345 2430 500 2459; x_wconf 89' lang='lat' dir='ltr'>nomen</span> <span class='ocrx_word' id='word_1_327' title='bbox 541 2430 627 2459; x_wconf 91' lang='lat' dir='ltr'>non</span> <span class='ocrx_word' id='word_1_328' title='bbox 661 2416 716 2459; x_wconf 87' lang='lat' dir='ltr'>ab</span> <span class='ocrx_word' id='word_1_329' title='bbox 756 2431 801 2459; x_wconf 85' lang='lat' dir='ltr'>re</span> <span class='ocrx_word' id='word_1_330' title='bbox 838 2415 913 2460; x_wconf 85' lang='lat' dir='ltr'>sed</span> <span class='ocrx_word' id='word_1_331' title='bbox 948 2430 1002 2458; x_wconf 83' lang='lat' dir='ltr'>ex</span> <span class='ocrx_word' id='word_1_332' title='bbox 1041 2417 1347 2474; x_wconf 85' lang='lat' dir='ltr'>apparentibus</span> <span class='ocrx_word' id='word_1_333' title='bbox 1377 2419 1517 2461; x_wconf 86' lang='lat' dir='ltr'>causis</span> 
     </span>
     <span class='ocr_line' id='line_1_40' title="bbox 66 2471 1518 2529; baseline 0 -12"><span class='ocrx_word' id='word_1_334' title='bbox 66 2513 69 2518; x_wconf 79' lang='grc'><strong><em>,</em></strong></span> <span class='ocrx_word' id='word_1_335' title='bbox 103 2472 168 2515; x_wconf 60' lang='lat' dir='ltr'>:ta</span> <span class='ocrx_word' id='word_1_336' title='bbox 195 2478 311 2515; x_wconf 83' lang='lat' dir='ltr'>est⁴·</span> <span class='ocrx_word' id='word_1_337' title='bbox 349 2471 455 2515; x_wconf 83' lang='lat' dir='ltr'>deca</span> <span class='ocrx_word' id='word_1_338' title='bbox 493 2473 606 2515; x_wconf 87' lang='lat' dir='ltr'>enim</span> <span class='ocrx_word' id='word_1_339' title='bbox 645 2487 787 2529; x_wconf 85' lang='lat' dir='ltr'>grece,</span> <span class='ocrx_word' id='word_1_340' title='bbox 825 2471 952 2515; x_wconf 86' lang='lat' dir='ltr'>latine</span> <span class='ocrx_word' id='word_1_341' title='bbox 983 2471 1040 2526; x_wconf 93' lang='lat' dir='ltr'>X,</span> <span class='ocrx_word' id='word_1_342' title='bbox 1080 2487 1215 2516; x_wconf 84' lang='lat' dir='ltr'>ennea</span> <span class='ocrx_word' id='word_1_343' title='bbox 1253 2473 1332 2527; x_wconf 89' lang='lat' dir='ltr'>IX,</span> <span class='ocrx_word' id='word_1_344' title='bbox 1373 2473 1518 2518; x_wconf 87' lang='lat' dir='ltr'>cubita</span> 
     </span>
    </p>
   </div>
   <div class='ocr_carea' id='block_1_3' title="bbox 145 2503 1726 2574">
    <p class='ocr_par' dir='ltr' id='par_1_3' title="bbox 145 2503 1726 2574">
     <span class='ocr_line' id='line_1_41' title="bbox 145 2503 1726 2574; baseline 0.002 -5"><span class='ocrx_word' id='word_1_345' title='bbox 145 2547 152 2565; x_wconf 74' lang='grc' dir='ltr'>ι</span> <span class='ocrx_word' id='word_1_346' title='bbox 192 2541 219 2569; x_wconf 89' lang='lat' dir='ltr'>a</span> <span class='ocrx_word' id='word_1_347' title='bbox 247 2503 444 2571; x_wconf 83' lang='lat' dir='ltr'>cubando</span> <span class='ocrx_word' id='word_1_348' title='bbox 474 2527 675 2571; x_wconf 86' lang='lat' dir='ltr'>inclinata</span> <span class='ocrx_word' id='word_1_349' title='bbox 693 2526 760 2571; x_wconf 80' lang='lat' dir='ltr'>vel</span> <span class='ocrx_word' id='word_1_350' title='bbox 781 2535 958 2571; x_wconf 87' lang='lat' dir='ltr'>curvata</span> <span class='ocrx_word' id='word_1_351' title='bbox 1009 2542 1205 2572; x_wconf 87' lang='lat' dir='ltr'>ossumus</span> <span class='ocrx_word' id='word_1_352' title='bbox 1225 2529 1379 2574; x_wconf 83' lang='lat' dir='ltr'>dicere.</span> <span class='ocrx_word' id='word_1_353' title='bbox 1420 2531 1515 2573; x_wconf 86' lang='lat' dir='ltr'>Hoc</span> <span class='ocrx_word' id='word_1_354' title='bbox 1529 2544 1726 2572; x_wconf 61' lang='lat' dir='ltr'>omn-ess.</span> 
     </span>
    </p>
   </div>
   <div class='ocr_carea' id='block_1_4' title="bbox 68 2582 1515 2706">
    <p class='ocr_par' dir='ltr' id='par_1_4' title="bbox 67 2582 1515 2706">
     <span class='ocr_line' id='line_1_42' title="bbox 193 2582 1515 2653; baseline 0.003 -27.652"><span class='ocrx_word' id='word_1_355' title='bbox 193 2582 305 2637; x_wconf 88' lang='lat' dir='ltr'>idco,</span> <span class='ocrx_word' id='word_1_356' title='bbox 343 2584 544 2641; x_wconf 87' lang='lat' dir='ltr'>quoniam</span> <span class='ocrx_word' id='word_1_357' title='bbox 581 2584 753 2642; x_wconf 89' lang='lat' dir='ltr'>quidem</span> <span class='ocrx_word' id='word_1_358' title='bbox 785 2583 829 2627; x_wconf 93' lang='lat' dir='ltr'>X</span> <span class='ocrx_word' id='word_1_359' title='bbox 857 2591 899 2627; x_wconf 90' lang='lat' dir='ltr'>et</span> <span class='ocrx_word' id='word_1_360' title='bbox 928 2584 949 2627; x_wconf 91' lang='lat'><em>1</em></span> <span class='ocrx_word' id='word_1_361' title='bbox 1024 2599 1197 2629; x_wconf 86' lang='lat' dir='ltr'>mensae</span> <span class='ocrx_word' id='word_1_362' title='bbox 1236 2586 1280 2627; x_wconf 90' lang='lat' dir='ltr'>in</span> <span class='ocrx_word' id='word_1_363' title='bbox 1319 2600 1370 2629; x_wconf 86' lang='lat' dir='ltr'>ea</span> <span class='ocrx_word' id='word_1_364' title='bbox 1406 2601 1515 2653; x_wconf 82' lang='lat' dir='ltr'>quac</span> 
     </span>
     <span class='ocr_line' id='line_1_43' title="bbox 68 2638 1515 2706; baseline 0.003 -24"><span class='ocrx_word' id='word_1_365' title='bbox 68 2659 111 2706; x_wconf 53' lang='grc' dir='ltr'>ὲ-·</span> <span class='ocrx_word' id='word_1_366' title='bbox 136 2638 256 2682; x_wconf 62' lang='lat' dir='ltr'>«lum</span> <span class='ocrx_word' id='word_1_367' title='bbox 286 2653 458 2683; x_wconf 87' lang='lat' dir='ltr'>carnem</span> <span class='ocrx_word' id='word_1_368' title='bbox 496 2646 561 2683; x_wconf 85' lang='lat' dir='ltr'>est</span> <span class='ocrx_word' id='word_1_369' title='bbox 596 2639 757 2683; x_wconf 89' lang='lat' dir='ltr'>domini</span> <span class='ocrx_word' id='word_1_370' title='bbox 796 2640 928 2683; x_wconf 83' lang='lat' dir='ltr'>nostri</span> <span class='ocrx_word' id='word_1_371' title='bbox 968 2639 1066 2683; x_wconf 89' lang='lat' dir='ltr'>Iesu</span> <span class='ocrx_word' id='word_1_372' title='bbox 1097 2640 1256 2685; x_wconf 86' lang='lat' dir='ltr'>Christi</span> <span class='ocrx_word' id='word_1_373' title='bbox 1293 2643 1515 2686; x_wconf 80' lang='lat' dir='ltr'>nativitato</span> 
     </span>
    </p>
   </div>
   <div class='ocr_carea' id='block_1_5' title="bbox 67 2738 1513 2951">
    <p class='ocr_par' dir='ltr' id='par_1_5' title="bbox 67 2738 1513 2951">
     <span class='ocr_line' id='line_1_44' title="bbox 75 2738 1513 2795; baseline 0.002 -12.992"><span class='ocrx_word' id='word_1_374' title='bbox 71 2738 139 2782; x_wconf 60' lang='grc' dir='ltr'>’τὸ</span> <span class='ocrx_word' id='word_1_375' title='bbox 165 2745 344 2795; x_wconf 65' lang='grc' dir='ltr'>ἐργαλεῖον</span> <span class='ocrx_word' id='word_1_376' title='bbox 377 2750 660 2784; x_wconf 63' lang='lat' dir='ltr'>instrumentum.</span> <span class='ocrx_word' id='word_1_377' title='bbox 761 2750 799 2790; x_wconf 81' lang='lat'>2)</span> <span class='ocrx_word' id='word_1_378' title='bbox 835 2749 890 2784; x_wconf 80' lang='lat' dir='ltr'>cf.</span> <span class='ocrx_word' id='word_1_379' title='bbox 925 2750 1006 2784; x_wconf 82' lang='lat' dir='ltr'>Ter.</span> <span class='ocrx_word' id='word_1_380' title='bbox 1043 2750 1134 2785; x_wconf 84' lang='lat' dir='ltr'>Eun.</span> <span class='ocrx_word' id='word_1_381' title='bbox 1162 2750 1211 2792; x_wconf 88' lang='lat'>11,</span> <span class='ocrx_word' id='word_1_382' title='bbox 1246 2752 1276 2793; x_wconf 84' lang='lat'>1,</span> <span class='ocrx_word' id='word_1_383' title='bbox 1304 2750 1346 2783; x_wconf 79' lang='lat'>8:</span> <span class='ocrx_word' id='word_1_384' title='bbox 1387 2750 1513 2785; x_wconf 75' lang='lat' dir='ltr'>Munus</span> 
     </span>
     <span class='ocr_line' id='line_1_45' title="bbox 129 2797 1512 2843; baseline 0.001 -11.918"><span class='ocrx_word' id='word_1_385' title='bbox 129 2807 179 2831; x_wconf 85' lang='lat' dir='ltr'>m</span> <span class='ocrx_word' id='word_1_386' title='bbox 205 2802 328 2831; x_wconf 74' lang='lat' dir='ltr'>ornato</span> <span class='ocrx_word' id='word_1_387' title='bbox 354 2797 486 2840; x_wconf 78' lang='lat' dir='ltr'>verbis,</span> <span class='ocrx_word' id='word_1_388' title='bbox 512 2797 606 2842; x_wconf 85' lang='lat' dir='ltr'>quod</span> <span class='ocrx_word' id='word_1_389' title='bbox 633 2798 777 2843; x_wconf 77' lang='lat' dir='ltr'>poteris.</span> <span class='ocrx_word' id='word_1_390' title='bbox 862 2798 902 2842; x_wconf 85' lang='lat'>8)</span> <span class='ocrx_word' id='word_1_391' title='bbox 930 2800 954 2833; x_wconf 88' lang='grc' dir='ltr'>ἰ.</span> <span class='ocrx_word' id='word_1_392' title='bbox 982 2809 1013 2832; x_wconf 83' lang='lat' dir='ltr'>e.</span> <span class='ocrx_word' id='word_1_393' title='bbox 1041 2798 1293 2834; x_wconf 77' lang='lat' dir='ltr'>virdunenses.</span> <span class='ocrx_word' id='word_1_394' title='bbox 1345 2800 1399 2832; x_wconf 83' lang='lat' dir='ltr'>De</span> <span class='ocrx_word' id='word_1_395' title='bbox 1428 2810 1512 2843; x_wconf 87' lang='lat' dir='ltr'>quo-</span> 
     </span>
     <span class='ocr_line' id='line_1_46' title="bbox 125 2846 1513 2892; baseline 0.002 -12.886"><span class='ocrx_word' id='word_1_396' title='bbox 125 2847 338 2880; x_wconf 78' lang='lat' dir='ltr'>commercio</span> <span class='ocrx_word' id='word_1_397' title='bbox 357 2846 402 2880; x_wconf 78' lang='lat' dir='ltr'>cf.</span> <span class='ocrx_word' id='word_1_398' title='bbox 419 2846 616 2888; x_wconf 80' lang='lat' dir='ltr'>Diimmlsr,</span> <span class='ocrx_word' id='word_1_399' title='bbox 635 2847 719 2881; x_wconf 77' lang='lat' dir='ltr'>Otto</span> <span class='ocrx_word' id='word_1_400' title='bbox 739 2846 802 2880; x_wconf 81' lang='lat' dir='ltr'>der</span> <span class='ocrx_word' id='word_1_401' title='bbox 820 2847 951 2882; x_wconf 78' lang='lat' dir='ltr'>Grosso</span> <span class='ocrx_word' id='word_1_402' title='bbox 969 2859 1005 2892; x_wconf 89' lang='lat' dir='ltr'>p.</span> <span class='ocrx_word' id='word_1_403' title='bbox 1025 2847 1108 2881; x_wconf 79' lang='lat'><strong>279.</strong></span> <span class='ocrx_word' id='word_1_404' title='bbox 1188 2848 1227 2890; x_wconf 72' lang='grc'>4)</span> <span class='ocrx_word' id='word_1_405' title='bbox 1243 2848 1321 2882; x_wconf 83' lang='lat' dir='ltr'>Hoc</span> <span class='ocrx_word' id='word_1_406' title='bbox 1341 2847 1513 2892; x_wconf 73' lang='lat' dir='ltr'>palatium</span> 
     </span>
     <span class='ocr_line' id='line_1_47' title="bbox 67 2892 1511 2951; baseline 0.002 -23"><span class='ocrx_word' id='word_1_407' title='bbox 67 2897 78 2951; x_wconf 42' lang='lat' dir='ltr'>s</span> <span class='ocrx_word' id='word_1_408' title='bbox 106 2892 339 2930; x_wconf 72' lang='lat' dir='ltr'>deformatum</span> <span class='ocrx_word' id='word_1_409' title='bbox 351 2894 604 2931; x_wconf 68' lang='lat' dir='ltr'>Constantinus</span> <span class='ocrx_word' id='word_1_410' title='bbox 619 2896 696 2941; x_wconf 77' lang='lat' dir='ltr'>ipso</span> <span class='ocrx_word' id='word_1_411' title='bbox 709 2897 935 2938; x_wconf 72' lang='lat' dir='ltr'>instauravit,</span> <span class='ocrx_word' id='word_1_412' title='bbox 945 2907 978 2931; x_wconf 78' lang='lat' dir='ltr'>v.</span> <span class='ocrx_word' id='word_1_413' title='bbox 988 2895 1195 2941; x_wconf 76' lang='lat' dir='ltr'>Theoplisn.</span> <span class='ocrx_word' id='word_1_414' title='bbox 1206 2897 1336 2931; x_wconf 73' lang='lat' dir='ltr'>contla.</span> <span class='ocrx_word' id='word_1_415' title='bbox 1349 2897 1398 2930; x_wconf 86' lang='lat' dir='ltr'>v1</span> <span class='ocrx_word' id='word_1_416' title='bbox 1412 2907 1440 2931; x_wconf 84' lang='lat' dir='ltr'>c.</span> <span class='ocrx_word' id='word_1_417' title='bbox 1453 2896 1511 2931; x_wconf 80' lang='lat'>20.</span> 
     </span>
    </p>
   </div>
  </div>
 </body>
</html>
