1838 3210
297 210 602 245 LIUDPRANDI
627 209 977 245 ANTAPODOSIS.
1026 210 1122 244 LIB.
1150 210 1213 245 v1.
1268 212 1326 244 10.
1493 212 1560 244 123

61 314 65 338 ’-
133 331 168 367 t
194 323 392 381 apposita
419 321 465 364 X
493 321 738 365 cubitorum
766 320 1046 377 longitudinis
1075 335 1127 363 ae
1156 321 1285 364 11110r
1324 322 1642 366 latitudinism.

253 393 363 436 quae
391 377 650 420 numismata
678 375 829 420 loculis
859 375 1068 433 colligata,
1097 385 1228 434 prout
1257 379 1327 420 cui
1360 394 1413 422 ue
1432 380 1560 422 debe-

52 439 81 476 J·=
101 442 201 490 tur,
230 434 419 478 numeris
447 434 711 476 extrinsecus
740 433 784 474 in
812 431 964 475 loculis
994 433 1176 490 scriptis,
1212 435 1346 477 retine
1379 441 1435 478 at.
1493 436 1561 478 In-

65 504 69 505 ⁷
122 490 364 534 ..·ebantur
401 489 586 546 denique
625 494 723 531 ante
766 489 1080 546 imperatorem,
1123 504 1211 532 non
1249 489 1439 544 confuse,
1484 491 1561 534 sed

73 546 304 600 rdinafim,
343 544 579 588 secundum
617 545 812 587 vocantis
849 559 1016 598 vocem,
1091 545 1136 587 ui
1173 547 1334 602 scripta
1369 547 1560 589 virorum

46 602 300 657 secundum
331 601 462 644 officii
482 600 524 643 di
557 601 732 644 nitatem
752 601 926 643 nomina
944 560 1165 644 recitatdiat.
1223 602 1418 655 Quorum
1438 604 1560 660 prius

40 664 240 711 vocatus
268 664 333 701 est
358 664 500 700 rector
560 671 696 711 omus,
735 657 807 699 cui
840 671 927 699 non
961 657 1006 698 in
1043 657 1254 711 manibus,
1298 657 1374 702 sed
1410 659 1455 701 in
1484 658 1560 701 hu-

41 729 190 763 ἑ,ςιιοθιίε
218 714 359 772 posita
386 720 486 756 sunt
512 714 770 756 numismata
789 727 889 756 cum
908 713 1227 770 scaramangis¹
1261 713 1401 757 11110r.
1456 715 1562 758 Post

40 775 189 830 ‘quem
221 785 245 813 0
276 769 534 813 domesticos
562 770 617 812 tis
645 768 880 823 ascalonas,
915 775 958 812 et
987 783 1011 811 o
1041 768 1136 811 delo
1199 770 1284 812 aris
1314 771 1367 812 tis
1396 770 1560 827 ploos²,

40 826 43 834 ’
60 834 163 872 sunt
180 826 344 880 vocati;
375 839 558 891 quorum
578 823 685 867 alter
704 823 923 878 militibus,
953 825 1174 881 naviganti
1206 840 1256 868 us
1276 835 1420 882 preest
1439 825 1559 870 alter.

42 882 91 940 ζμ
110 883 121 893 “
151 883 296 941 itaque
316 896 409 940 pari
429 895 622 935 numero,
652 881 754 937 quia
780 880 967 937 dignitas
997 894 1077 938 par
1105 889 1208 936 erat,
1237 883 1500 925 numismata
1518 889 1562 927 et

42 955 75 990 μω
117 952 362 994 ramangas
397 937 692 995 suscipientes,
731 951 808 994 pre
848 936 1117 980 multitudine
1155 952 1242 980 non
1278 938 1365 980 iam
1403 939 1449 981 in
1483 939 1561 982 hu-

42 990 59 1002 '‘
75 995 190 1039 ueris
217 1000 506 1052 portaverunt,
537 993 613 1036 sed
641 991 942 1035 adiuvantibus
970 991 1064 1035 aliis
1093 1000 1194 1051 post
1221 1009 1266 1036 se
1293 1009 1392 1037 cum
1412 993 1561 1038 labore

47 1056 296 1107 iunxerunt.
353 1050 458 1093 Post
484 1048 563 1092 hos
591 1048 767 1114 admissi
806 1055 905 1091 sunt
933 1049 1129 1106 magistri
1156 1064 1334 1093 numero
1364 1050 1560 1106 XXIIII,

43 1107 220 1208 33²3ss
238 1112 475 1206 εὲἑίἷῖῗξα
495 1110 1248 1204 {iiiefflffiatni'iiuiix‘iuffffi
1268 1105 1560 1220 ἒοὲἱὲἰέηέἕ.

59 1217 150 1263 sdua
180 1234 244 1262 us.
301 1217 584 1261 Patriciorum
615 1215 769 1259 demde
808 1216 912 1259 ordo
946 1216 1024 1259 hos
1053 1231 1165 1274 pone
1199 1225 1264 1261 est
1293 1226 1478 1273 secutus,
1518 1226 1562 1262 et

47 1273 293 1320 duodecim
320 1273 675 1317 numismatorum
714 1272 833 1316 libris
864 1287 964 1315 cum
994 1274 1288 1331 scaramangia
1315 1288 1401 1316 una
1429 1274 1560 1317 dona-

47 1341 64 1371 ’.ε
90 1351 144 1374 κ.
202 1330 290 1386 Qui
317 1330 429 1373 sicut
456 1343 535 1373 nec
564 1329 855 1386 patriciorum,
884 1329 946 1371 ita
972 1343 1053 1372 nec
1081 1328 1300 1385 librarum,
1330 1330 1414 1373 nisi
1444 1330 1560 1388 quod

50 1387 295 1444 ‘unicuique
324 1385 519 1439 dabatur,
548 1399 774 1427 numerum
803 1385 906 1427 scio.
963 1385 1112 1428 Turba
1139 1393 1238 1442 post
1265 1385 1346 1428 hec
1366 1387 1562 1430 inmensa

49 1443 251 1496 ‹ivocatun
275 1442 730 1500 protospathariorum,
757 1440 1084 1498 spathariorum,
1113 1440 1560 1499 spatharocandidato-

126 1520 148 1538 η
165 1506 197 1555 ·,
226 1498 519 1550 kitonitarum,
549 1512 620 1539 ma
679 1496 920 1551 lavitarum,
951 1504 1343 1554 protocaravorum,
1375 1513 1560 1556 quorum

50 1555 56 1595 ὲ
117 1560 131 1595 Ι
175 1554 297 1610 alius,
326 1554 403 1609 VI,
425 1554 478 1608 V,
499 1553 602 1607 1111,
693 1553 781 1607 ‚11,
802 1553 836 1608 Ι,
866 1552 1104 1596 secundum
1133 1553 1353 1610 dignitatis
1383 1554 1559 1597 modum

113 1618 286 1678 ceperat
312 1609 433 1654 alius.
486 1609 637 1667 Neque
666 1610 779 1652 enim
808 1608 890 1652 hoc
918 1615 961 1652 te
989 1623 1075 1651 una
1102 1610 1346 1666 patratumb
1376 1625 1469 1654 esse
1489 1610 1560 1654 die

54 1683 102 1730 ὲ».
119 1667 305 1725 ‘timare
323 1665 465 1710 velim.
523 1665 708 1722 Ceptum
737 1667 899 1750 quippe
929 1666 1078 1723 quinta
1106 1665 1212 1708 feria
1240 1664 1295 1708 ab
1319 1666 1424 1709 hora
1447 1666 1562 1710 dieic

52 1734 79 1775 ξ·
114 1724 199 1767 'ua
227 1738 363 1781 usque
392 1723 437 1765 in
464 1721 614 1764 horam
673 1729 838 1764 uartam
870 1753 881 1775 ‚
919 1728 1042 1764 sexta
1080 1729 1122 1764 et
1151 1722 1334 1779 septima
1361 1722 1468 1765 feria
1497 1729 1563 1766 est

54 1804 63 1837 5·
81 1779 117 1824 'b
146 1781 402 1838 imperatore
429 1778 608 1820 finitum.
643 1737 748 1820 εΗ-Ιιει
777 1791 962 1835 namque
992 1778 1066 1834 qui
1094 1778 1235 1820 minus
1257 1792 1386 1836 quam
1406 1777 1560 1821 libram

55 1840 65 1856 ³
139 1836 298 1894 ipiunt,
339 1849 427 1878 non
464 1834 549 1876 iam
588 1834 859 1891 imperatore,
902 1833 978 1877 sed
1016 1833 1379 1899 parakinumenos
1422 1835 1468 1876 in
1510 1850 1563 1878 ea

54 1906 172 1936 auae
200 1898 299 1935 ante
326 1889 487 1949 pascha
516 1897 580 1933 est
608 1896 699 1933 tota
717 1889 958 1932 ebdomada
977 1888 1139 1933 tribuit.
1183 1889 1395 1934 Adstante
1415 1891 1560 1949 itaque

64 1962 144 2007 ¹ue,
184 1957 227 1992 et
255 1961 354 1990 cum
383 1945 663 1990 admiratione
698 1960 788 1989 rem
826 1946 1133 2000 considerante,
1172 1961 1252 2030 per
1285 1945 1561 2003 logothetam,

58 2003 168 2065 „uid
197 2018 325 2061 super
358 2002 440 2046 hac
479 2016 525 2045 re
554 2002 660 2044 mihi
696 2000 896 2059 placeret,
925 2002 1168 2045 sciscitatus
1221 2008 1287 2045 est
1313 2003 1560 2060 imperator.

112 2061 145 2097 ·'
174 2060 219 2103 in
250 2074 367 2102 uam:
397 2056 629 2101 ‘Placeretc
658 2071 774 2112 sane,
803 2058 866 2100 si¹¹
896 2057 1135 2115 prodesset3
1166 2059 1276 2101 sicut
1305 2065 1347 2102 et
1376 2060 1562 2102 estuanti

58 2116 187 2175 x'viti
281 2116 370 2158 zari
397 2115 490 2158 visa
518 2114 688 2171 requies
717 2113 952 2172 prodesset,
982 2114 1016 2156 si
1048 2114 1331 2188 proveniret¹;
1364 2114 1433 2157 cui
1459 2114 1562 2171 quia

57 2175 150 2217 'non
187 2170 358 2225 accidit,
433 2171 478 2213 ui
515 2184 675 2227 quaeso
704 2169 876 2228 placere
910 2170 1050 2227 potuit
1071 2170 1093 2212 ⁴?
1138 2169 1376 2213 Subridens
1416 2171 1560 2228 itaque

56 2225 295 2286 'uper-ator
335 2240 393 2284 pa
440 2225 555 2269 ulum
587 2226 750 2284 pudore
779 2232 1030 2275 commotus,
1060 2233 1108 2268 ut
1132 2225 1186 2268 ad
1208 2241 1253 2269 se
1273 2226 1391 2281 irem,
1421 2227 1561 2284 capite

56 2293 97 2323 t·
119 2284 213 2337 uit,
263 2259 495 2340 exiliumque
515 2296 718 2339 magnum
747 2296 846 2324 cum
873 2295 1100 2324 aureorum
1126 2280 1248 2336 libra,
1277 2297 1405 2339 quam
1426 2281 1561 2326 liben-

58 2345 129 2401 ter
155 2339 209 2383 de
242 2347 286 2393 lt,
315 2337 516 2382 libentius
545 2339 707 2395 accepi.

58 2407 65 2427 3

58 2655 67 2693 ζ
115 2650 348 2677 candidatorum
368 2649 478 2681 miquo
505 2649 606 2681 capim
627 2647 729 2673 accunt
750 2647 780 2674 ὁ.
810 2646 865 2674 ὓι.
895 2646 962 2675 δι’.
989 2648 1053 2674 λίπε
1067 2648 1174 2681 solium
1195 2649 1317 2675 ueiens·
1338 2649 1368 2674 in
1389 2649 1482 2675 codice
1505 2650 1560 2676 bn.

121 2702 123 2706 v
144 2697 162 2716 ο
180 2690 315 2723 princepe
334 2688 427 2715 eddu:
452 2691 483 2714 οι
503 2688 535 2714 Μ
555 2694 653 2720 genu·
675 2687 831 2714 euentum.
893 2687 924 2720 b)
939 2691 1079 2721 paratum
1096 2689 1122 2714 8.
1185 2688 1212 2721 e)
1227 2688 1277 2714 (llo
1296 2689 1320 2714 1.
1343 2690 1370 2716 2.
1431 2688 1461 2723 d)
1474 2696 1559 2721 quar-

110 2742 122 2749 vv
145 2731 175 2756 et
191 2731 280 2756 sexu
294 2732 324 2755 et
340 2735 363 2754 ι.
379 2726 401 2754 1.
417 2727 455 2754 ab
471 2728 498 2754 2.
539 2728 571 2761 ο)
591 2726 666 2753 duae
687 2733 767 2753 vocu
787 2726 953 2752 menbrana
973 2726 1100 2753 abaciam
1122 2727 1284 2753 exciderunt
1306 2728 1336 2752 in
1360 2728 1385 2752 2.
1428 2728 1450 2762 f)
1465 2729 1559 2754 susc!-

61 2781 66 2793 ι
120 2782 123 2787 -
168 2768 196 2795 2.
277 2774 308 2800 3)
331 2766 457 2793 Placere
479 2767 505 2794 8.
586 2765 618 2799 h)
638 2773 692 2792 vox
712 2765 811 2791 midi(
833 2766 862 2791 in
885 2766 914 2794 2.
993 2766 1016 2799 ί)
1039 2774 1093 2792 vot
1114 2766 1262 2791 obscurior
1284 2767 1314 2792 n'n
1337 2767 1363 2793 2.

93 2864 274 2910 )Penuln,
299 2865 400 2911 panii
420 2865 582 2901 militaris
600 2877 725 2911 genus.
802 2865 840 2908 2)
860 2864 917 2900 cf.
937 2865 981 2899 de
1001 2866 1068 2900 hoc
1088 2875 1230 2900 munere
1249 2875 1357 2910 supra
1374 2865 1430 2899 111
1449 2876 1480 2900 c.
1501 2865 1559 2900 26.
