1838 3210
36 198 61 233 ἶ
218 205 524 240 LIUDPBANDI
549 203 898 240 ANTAPODOSIS.
949 205 1045 240 LIB.
1071 206 1119 239 11.
1171 205 1326 240 27-31.
1477 205 1522 239 39

144 317 213 360 27.
255 315 433 359 Talibus
462 316 607 373 itaque
636 330 715 358 rex
742 315 1110 359 exhortationibus
1135 316 1191 359 ad
1210 330 1399 373 pugnam
1429 330 1523 359 suo·
1536 327 1604 355 aas.

96 395 116 412 ιι
172 372 353 416 accendi
395 372 559 415 animos
602 371 764 426 videns,
808 371 968 415 indicto
1013 372 1181 415 cunc'tis
1220 371 1400 426 silentio,
1444 371 1522 415 hec

62 451 93 468 ‚.‚,
143 444 186 471 m
202 429 335 472 divini
361 443 535 471 munere
554 426 738 470 flaminis
762 433 902 470 taetus
922 427 1101 471 adiecit:
1131 428 1388 471 ‘Priscorum
1408 427 1524 470 facta

86 505 126 538 2⁹
150 505 195 540 ιι,
225 491 470 528 sanctorum
500 483 662 540 scripta
684 490 862 550 patrum
900 482 1036 537 nobis,
1073 483 1177 540 quid
1216 498 1342 539 agere
1371 483 1524 526 debea—

37 548 45 553 ”
89 561 141 596 ι;,
179 541 407 584 insinuant.
464 539 562 582 Non
598 541 740 582 *emm
780 547 844 582 est
880 539 961 583 deo
998 538 1172 582 difficile
1230 540 1350 581 aucis
1379 539 1523 597 plures
1541 554 1551 565 ·
1567 555 1677 588 22⁹4.

38 619 57 651 μ
82 619 90 634 2
129 611 232 651 ·ere,
257 597 293 639 si
314 604 457 640 tamen
480 595 631 638 horum
658 595 732 653 qui
756 594 800 637 id
820 609 948 652 agere
970 596 1161 652 eupiunt,
1191 554 1297 638 Kdes
1318 602 1522 649 meretur3

72 667 152 708 es,
201 653 246 695 in
277 667 390 706 uam,
442 666 528 693 non
571 651 845 708 professionis
889 658 1068 705 tantum,
1117 651 1192 703 sed
1237 651 1389 716 operis,
1438 665 1524 693 non

51 707 241 753 lummo
274 722 299 751 o
342 708 440 761 oris,
484 714 549 750 set
592 707 721 750 etiam
765 706 918 750 cordis.
982 706 1231 749 Voveamus
1271 713 1430 764 itaque,
1473 720 1524 748 ac

43 786 74 806 a·
117 764 269 807 udum
322 762 588 821 psalmistam
631 770 732 806 vota
774 762 1019 817 reddamus,
1070 777 1162 828 ego,
1211 763 1399 819 inquam,
1443 776 1523 819 ego
1537 778 1588 805 Pa.
1609 777 1658 812 ιε,
1681 777 1728 804 ιι.

59 831 62 834 ·
87 820 165 875 ⁰us,
210 820 284 878 qui
327 819 533 875 dignitate
576 818 727 862 videor
769 826 811 861 et
854 818 1002 862 ordine
1044 833 1221 875 primus.
1282 818 1525 861 Simoniaca

47 877 192 920 ·eresis
236 875 316 919 deo
360 876 509 929 invisa,
559 883 602 918 et
644 888 670 916 a
712 874 956 918 beatissimo
998 874 1289 931 apostolorum
1332 874 1524 930 principe

49 938 159 976 etro
202 932 414 985 damnata,
458 945 569 988 quae
609 944 635 972 a
673 928 969 973 decessoribus
1012 931 1168 974 nostris
1211 930 1417 973 hactenus
1462 936 1526 972 est

48 1002 192 1031 rmere
222 986 447 1041 custodita,
477 986 615 1029 modis
646 986 844 1029 omnibus
864 1000 891 1028 a
910 992 1055 1029 nostro
1085 987 1140 1029 sit
1168 1000 1301 1042 regno
1330 1001 1383 1029 ex
1418 985 1524 1028 ulsa.

48 1048 64 1081 Β
82 1050 253 1142 ιιιὲιςιεῐ,
280 1043 460 1086 invicem
505 1042 679 1085 unitatis
723 1042 897 1096 caritas,
947 1043 984 1084 si
1027 1056 1135 1100 quos
1178 1041 1336 1085 diaboli
1413 1042 1526 1085 ivisit

146 1156 214 1199 28.
257 1155 352 1198 Rex
379 1152 582 1196 nonnulla
601 1152 666 1196 his
687 1152 842 1196 similia
860 1153 1000 1197 dicere
1021 1160 1210 1211 cuperat,
1241 1167 1340 1195 cum
1357 1152 1524 1210 volipes
1539 1158 1593 1195 (9·)

47 1212 209 1255 nntius
251 1210 499 1267 Hungarios
541 1209 586 1251 in
627 1209 892 1266 Meresburg,
937 1209 1053 1267 quod
1095 1216 1161 1253 est
1202 1210 1247 1252 in
1291 1209 1524 1264 Saxonum,

45 1274 49 1286 ¹
127 1268 378 1325 ‘ngiorum⁸,
418 1273 461 1308 et
491 1265 742 1308 selavorum
781 1266 965 1308 confinio
996 1272 1195 1320 castrum,
1237 1279 1330 1308 esse
1358 1266 1525 1308 nuntia-

47 1330 121 1368 πὶ.
186 1322 414 1366 Adiecerat
461 1322 602 1375 etiam,
646 1336 717 1365 eos
761 1336 846 1364 non
889 1321 1102 1365 modicam
1149 1321 1426 1378 parvulorum
1474 1335 1525 1363 ac

48 1379 258 1423 ulierum
297 1378 454 1422 habere
493 1376 683 1435 predam,
723 1378 911 1420 virorum
948 1392 1050 1420 vero
1094 1378 1330 1420 inmensam
1373 1377 1526 1420 fecisse

48 1458 77 1489 ,ι
104 1450 243 1489 :;·m,
287 1433 566 1477 condixerant
593 1434 719 1487 enim,
748 1449 774 1475 a
802 1433 967 1477 decimo
997 1441 1040 1476 et
1075 1433 1278 1490 deinceps
1315 1447 1426 1476 anno
1455 1448 1526 1476 ne·

50 1502 66 1530 z.
80 1491 93 1503 ⁶
107 1506 193 1535 «em
221 1506 267 1534 se
296 1490 568 1548 superstitem
598 1488 832 1543 relicturos,
877 1490 1078 1547 quatinus
1108 1504 1186 1547 per
1212 1489 1293 1532 hoc
1320 1496 1526 1532 terrorem

50 1562 121 1590 .·n
164 1561 346 1605 parvum
390 1544 634 1588 Saxonibus
674 1544 938 1588 adhiberent.
1010 1545 1106 1588 Rex
1148 1545 1302 1601 igitur,
1347 1552 1395 1587 ut
1438 1551 1528 1588 erat

92 1604 103 1614 ·
118 1619 165 1646 ιιι
194 1609 405 1656 constans,
435 1600 591 1644 talibus
617 1615 703 1643 non
722 1608 921 1654 terretur3
952 1615 1102 1643 verum
1131 1603 1269 1657 magis
1289 1601 1527 1658 magisque,

65 1667 85 1704 t
121 1673 197 1717 pro
236 1659 374 1717 patria
410 1671 603 1715 pugnare
639 1671 690 1699 ac
727 1656 998 1700 laudabiliter
1036 1656 1220 1700 debeant
1260 1656 1526 1711 occumbere,

49 1743 69 1752 ,ι
103 1723 296 1759 οΟΓῗὸἵῑΙΓ,

66 1824 67 1827 ¹
148 1772 216 1814 29.
261 1770 438 1812 Vinctos
487 1770 647 1812 interea
693 1769 925 1825 Hungarii,
978 1769 1015 1811 si
1058 1769 1287 1826 inpugnari
1332 1768 1526 1822 debeant,

27 1882 30 1883 ⁷
59 1864 61 1867 .
85 1827 315 1870 'citantun
351 1825 549 1882 Cumque
578 1826 633 1869 ab
662 1824 728 1867 his
757 1839 843 1867 non
871 1824 993 1867 aliter
1020 1839 1147 1881 posse
1176 1825 1267 1868 fieri
1288 1830 1527 1877 testaretur,

58 1905 71 1927 ,ι
105 1881 377 1926 ·loratoribus
399 1880 570 1925 directis
581 1882 613 1936 b,
643 1882 678 1923 si
707 1880 788 1923 hoc
806 1895 955 1923 verum
983 1895 1075 1924 esse
1095 1888 1252 1937 posset,
1282 1880 1527 1937 exquirunt.

56 1939 222 1984 refecti
265 1937 450 1995 denique
499 1936 801 1994 exploratores,
851 1936 1103 1979 Heinricum
1147 1951 1192 1979 re
1224 1951 1292 1979 em
1336 1936 1528 1978 inmenso

118 2016 125 2034 ι
171 1994 363 2038 exercitu
401 1994 522 2035 iuxta
556 1992 767 2050 prefatum
808 1991 1017 2050 oppidum
1055 1992 1194 2035 Meres
1226 2007 1307 2047 urg
1345 1999 1529 2034 contem-

54 2072 71 2087 ι.
92 2072 97 2087 2
120 2058 219 2095 ·tur.
266 2050 466 2115 Denique
484 2049 561 2091 vix
589 2048 644 2092 ad
674 2063 774 2091 suos
802 2055 999 2105 poterant
1026 2048 1276 2105 reppedare,
1297 2047 1528 2090 adventum

55 2107 252 2151 arcitus
280 2113 493 2158 nuntiare3
537 2119 676 2163 neque
706 2105 819 2147 enim
849 2103 914 2146 his
947 2103 1085 2147 fuerat
1113 2103 1234 2158 alius,
1273 2117 1421 2146 verum
1452 2117 1529 2145 rex

54 2185 75 2214 ,ι
95 2197 99 2200 .
117 2183 145 2218 ·,
174 2161 274 2205 belli
301 2162 491 2204 nuntius.

51 2222 53 2228 ’
152 2219 219 2261 30.
264 2216 393 2259 Haud
423 2231 555 2271 mora,
589 2215 748 2259 bellum
787 2216 1003 2272 incipitur,
1042 2222 1172 2272 atque
1201 2229 1255 2257 ex
1286 2214 1530 2257 christiano-

62 2280 146 2317 ,ιιι
181 2281 301 2331 parte
349 2280 496 2315 saneta
537 2286 588 2314 ac
634 2270 838 2315 mirabilis
880 2286 966 2313 vox
1013 2272 1137 2328 Κύριε
1183 2275 1352 2324 ελεισον,
1406 2269 1530 2326 kyrie

57 2331 213 2429 dmm,
242 2343 297 2372 ex
325 2342 472 2371 eorum
493 2342 593 2371 vero
622 2328 760 2383 turpis
781 2335 824 2370 et
843 2326 1053 2370 diabolica
1073 2326 1159 2381 hui,
1179 2326 1266 2380 hui,
1286 2326 1532 2383 stequenter

66 2407 86 2421 ··
130 2386 226 2429 itur.

24 2430 69 2492 ἤιξ’
154 2442 222 2485 31.
266 2438 455 2483 Dederat
484 2453 560 2482 rex
589 2438 814 2482 Heinricus
843 2439 931 2481 suis
963 2444 1061 2481 ante
1090 2436 1189 2482 belli
1219 2436 1530 2480 inchoationem

59 2520 62 2533 ι
86 2495 287 2539 'usmodi
332 2495 500 2552 sapiens
539 2508 590 2536 ac
633 2493 801 2538 salubre
831 2493 1075 2536 consilium:
1120 2493 1246 2537 ‘Cum
1291 2492 1347 2536 ad
1384 2492 1532 2535 Martis

34 2553 237 2600 ¹diume
275 2550 472 2609 ceperitis
510 2564 752 2608 properare,
788 2564 912 2593 nemo
952 2550 1107 2592 sotium
1137 2549 1342 2602 velotiori,
1386 2562 1533 2606 quam-

89 2630 94 2643 ·
116 2623 176 2651 m
207 2607 372 2661 habeat,
402 2613 581 2663 temptet
607 2620 717 2664 equo
739 2606 890 2663 preire.
933 2605 1095 2649 Verum
1117 2605 1265 2663 clipeis
1284 2604 1532 2647 altrinsecus

32 2664 66 2715 ‘st
89 2665 198 2719 ·erti,
227 2664 388 2721 primos
417 2676 547 2719 super
575 2670 696 2706 scuta
724 2662 975 2760 sagittarum
1006 2661 1115 2704 ictus
1145 2661 1340 2718 recipite3
1378 2658 1532 2701 deinde

133 2735 174 2763 u
203 2717 384 2776 rappido
414 2718 688 2776 impetuque‘¹
718 2733 771 2761 ve
802 2717 1089 2760 cruentissimo
1118 2731 1248 2774 super
1276 2731 1348 2760 eos
1375 2715 1534 2767 irruite,

28 2843 41 2916 ἑ
97 2865 307 2898 “nationum
321 2865 348 2893 1.
428 2864 459 2895 b)
482 2863 602 2890 dilecti·
625 2862 653 2889 ί.
735 2863 763 2893 c)
779 2861 952 2895 proludium
965 2861 1051 2889 ιω.
1066 2859 1126 2888 δι’.
1208 2861 1239 2892 d)
1262 2861 1437 2893 impetuque
1461 2860 1487 2886 1.
