1838 3210
218 1556 228 1570 ⁹
240 1567 270 1593 p.
283 1559 350 1586 287.

362 259 406 292 26

392 1546 408 1563 *
422 1543 488 1586 36.

416 371 483 413 23.

416 482 483 525 24.

416 594 482 636 25.

418 649 484 692 26.

416 705 484 747 27.

418 761 484 804 28.

418 818 484 859 29.

418 928 485 971 30.

418 984 485 1026 31.

419 1096 486 1139 32.

419 1207 486 1251 33.

419 1320 487 1362 34.

421 1711 488 1754 37.

421 1935 488 1977 39.

421 2159 488 2200 41.

421 2326 489 2368 43.

423 2604 490 2646 45.

423 2661 490 2703 46.

423 2772 491 2814 47.

422 2923 513 2948 omisit
534 2923 625 2949 scriba
647 2930 779 2949 numeros
800 2925 973 2957 sequentium
993 2925 1116 2957 capitum
1137 2925 1165 2950 in
1191 2926 1218 2951 ι.
1297 2924 1328 2958 b)
1351 2927 1454 2950 monte
1477 2925 1502 2951 1.
1583 2922 1612 2958 c)
1631 2921 1738 2950 affrica
1761 2923 1788 2950 ί.

661 256 961 290 LIUDPRANDI
986 254 1333 291 ANTAPODOSIS.
1383 255 1477 289 LIB.
1502 254 1553 290 11.

526 367 740 412 Amaldus
782 382 955 411 suorum
998 366 1290 410 exhortatione
1339 365 1519 410 militum
1562 365 1754 410 Heinrici
1797 364 1838 412 fil

527 424 927 535 ffggfftgeffihgarii
957 484 1090 522 morte
1121 478 1378 532 Chuonradi,
1409 478 1640 522 Saxoniam
1660 477 1838 535 ingredi.

528 544 666 580 untur.

527 593 621 635 Rex
651 592 892 644 Heinricus,
924 604 1181 647 quamquam
1211 590 1415 645 infirmus,
1445 591 1507 633 eis
1536 590 1734 634 ocem-rit.

530 647 721 702 Qualiter
749 647 804 690 ad
834 662 893 704 pu
954 661 1022 688 am
1053 660 1152 688 suos
1182 646 1429 689 exhortatus
1457 647 1513 689 sit
1541 645 1707 690 milites.
1743 679 1756 683 -

528 705 596 747 De
627 704 738 747 bono
767 710 866 746 voto
942 702 1089 745 einrici
1117 703 1242 767 regis.

528 760 596 803 De
627 760 773 802 nuntio
805 759 876 816 qui
897 758 1142 814 Hungarios
1168 773 1212 800 m
1230 757 1453 801 Meresbur
1502 773 1594 803 esse
1613 754 1838 801 nuntiabat

529 816 741 872 Hungarii
785 815 1007 865 sciscitatis
1052 814 1233 871 captivis
1281 814 1333 857 de
1375 814 1430 858 be
1461 828 1486 858 o
1501 846 1513 869 ,
1561 811 1838 872 exploratore!

530 873 712 915 mittunt.

530 928 598 970 De
660 942 773 983 ugna
803 941 899 969 cum
929 926 1163 983 Hungariis
1193 927 1432 971 commissa.

529 984 596 1027 De
629 943 745 1026 {ono
785 981 960 1025 consilio
998 982 1190 1024 Heinrici
1224 983 1337 1039 regis
1375 988 1418 1025 et
1454 981 1631 1025 victoria
1664 980 1769 1036 eius,
1809 994 1838 1025 eff

531 1038 604 1082 ubi
635 1040 689 1082 sit
717 1040 809 1096 ipsa
837 1038 1006 1095 depicta
1034 1039 1223 1081 victoria.

530 1096 598 1138 De
628 1094 868 1137 Hulodoico
900 1094 1098 1151 quodam,
1129 1109 1256 1152 quem
1277 1093 1414 1137 Italici
1443 1107 1570 1150 super
1598 1107 1644 1138 ae
1672 1106 1838 1151 regnan

530 1152 723 1194 invitant.

532 1207 659 1261 Quod
697 1205 952 1250 Adelbertus
995 1206 1184 1249 marchio
1228 1206 1308 1248 hoc
1351 1205 1563 1259 effecerit,
1607 1205 1680 1263 qui
1719 1219 1838 1262 gene!

531 1264 645 1320 regis
675 1263 812 1306 Beren
844 1263 924 1304 arii
954 1269 1055 1305 erat.
1734 1287 1737 1289 -

530 1320 598 1362 De
629 1319 779 1362 eodem
850 1317 1052 1372 delberto‚
1090 1320 1163 1375 qui
1202 1319 1339 1375 primo
1375 1317 1456 1361 fuit
1491 1315 1631 1360 bonus
1666 1322 1709 1360 et
1736 1323 1835 1375 post

532 1374 705 1418 modum
734 1375 871 1418 factus
901 1381 965 1417 est
992 1374 1140 1416 malus.

531 1431 660 1485 Quod
688 1430 953 1473 Hulodoicus
981 1431 1094 1486 regis
1124 1430 1374 1486 Berengarii
1401 1436 1560 1473 terrore
1589 1428 1793 1472 iuraverit
1810 1442 1835 1472 e

531 1502 726 1530 reversus
757 1487 822 1529 sit.

533 1543 660 1597 Quod
690 1542 958 1597 Adelbertus,
987 1542 1170 1584 Tusciae
1198 1542 1443 1598 provinciae
1470 1546 1622 1606 potens
1650 1540 1835 1584 marchio

532 1599 733 1642 instinctu
773 1598 925 1641 Bertae
962 1599 1109 1640 uxoris
1148 1612 1222 1640 sue
1260 1598 1566 1653 Berenganum
1603 1596 1772 1651 deserit,
1810 1611 1838 1641 e<

562 1670 609 1698 ro
641 1662 706 1697 ter
733 1653 1034 1708 Hulodoieum,
1064 1661 1111 1697 ut
1138 1654 1292 1707 veniat,
1322 1653 1462 1696 mittit.
1837 1664 1838 1674 ¹

578 1725 606 1752 u
623 1710 795 1753 odoicus
838 1709 892 1752 ab
936 1709 1204 1753 Italiensibus
1249 1710 1504 1767 suscipitur,
1552 1715 1596 1752 et
1637 1708 1751 1752 Vero

532 1767 820 1822 Berengarius
840 1765 978 1821 fugiit,
1007 1780 1033 1807 a
1054 1780 1138 1822 qua
1157 1773 1200 1808 et
1219 1764 1422 1822 expulsus
1441 1779 1468 1807 a
1486 1764 1727 1808 Hulodoico
1747 1769 1830 1808 est‘

532 1822 799 1865 Hulodoicus
823 1822 1011 1864 Luccam
1041 1821 1325 1878 proficiscitur
1353 1828 1395 1864 et
1424 1820 1624 1864 decenter
1650 1820 1706 1864 ab
1725 1818 1831 1864 Adel

532 1878 650 1921 berto
681 1878 921 1935 suscipitur.

531 1934 798 1976 Hulodoicus
838 1933 892 1976 ob
928 1932 1147 1976 Adelberti
1186 1935 1420 1990 potentiam
1455 1932 1615 1976 invidia
1650 1932 1768 1989 tangi

533 1991 586 2033 ob
617 2005 745 2048 quam
774 1990 827 2033 ab
857 1990 946 2032 eius
975 1989 1176 2032 fidelitate
1204 1989 1460 2032 Adelbertus
1489 1995 1721 2054 separatur.

529 2046 773 2103 Descriptio
802 2045 1059 2088 Veronensis
1099 2046 1279 2089 civitatis
1316 2052 1358 2088 et
1391 2044 1577 2088 flumims
1605 2043 1779 2088 Athesis
1806 2058 1825 2087 ε

565 2103 674 2145 ontis
703 2117 753 2146 su
785 2117 832 2143 er
859 2117 970 2145 eum.

533 2118 661 2212 &uod
689 2158 732 2200 H
780 2158 955 2200 odoicus
985 2157 1154 2200 Verone
1188 2157 1366 2214 degens,
1405 2172 1432 2199 a
1458 2157 1717 2214 Berengario
1759 2163 1838 2199 col'

531 2215 668 2271 ruptis
698 2214 880 2256 civitatis
910 2212 1156 2256 custodibus
1196 2214 1361 2270 capitur
1387 2219 1431 2256 et
1457 2212 1616 2256 lumine
1644 2212 1768 2270 priva

531 2270 600 2312 De
629 2269 863 2327 Hungariis
893 2271 967 2327 qui
995 2284 1045 2312 eo
1074 2276 1262 2325 tempore
1291 2268 1458 2311 Italiam
1487 2267 1715 2312 laniabant.

531 2326 599 2369 De
630 2326 854 2368 Saracenis
883 2326 936 2369 de
956 2326 1208 2379 Fraxeneto,
1241 2326 1315 2382 qui
1343 2332 1508 2382 partem
1535 2324 1684 2368 Italiae
1712 2329 1820 2368 vasu

534 2381 637 2424 bant
665 2389 707 2424 et
735 2396 871 2438 usque
899 2381 1048 2439 Aquas
1076 2389 1367 2446 pervenerant.

533 2437 602 2480 De
644 2436 855 2479 Africanis
899 2437 1142 2491 Saracenis,
1188 2438 1261 2494 qui
1303 2437 1342 2479 A
1376 2436 1550 2503 puliam,
1594 2435 1727 2480 Calab
1752 2436 1764 2446 “

534 2493 825 2536 Beneventum
856 2501 1170 2549 occupaverant
1189 2500 1231 2536 et
1247 2493 1360 2536 Gare
1377 2508 1521 2536 lanum
1540 2491 1751 2536 montem*
1770 2505 1817 2548 pt

535 2549 768 2591 munitione
797 2548 1024 2592 habebant.

536 2605 634 2658 Qua
663 2605 883 2647 occasione
913 2604 1115 2648 Saraceni
1145 2604 1199 2647 ab
1228 2605 1403 2648 Africa‘=
1433 2604 1625 2648 exierint.

534 2660 662 2713 Quod
700 2660 860 2703 domini
898 2659 979 2703 hoc
1021 2661 1179 2703 factum
1223 2662 1277 2704 sit
1314 2660 1529 2704 voluntate
1565 2659 1621 2704 ob
1658 2673 1737 2702 nos

536 2717 853 2759 correctionem.

536 2771 648 2825 Quia
675 2772 884 2815 Iohannes
908 2773 1132 2815 Ravennas
1161 2787 1211 2816 eo
1241 2780 1429 2829 tempore
1458 2785 1572 2830 papa
1600 2769 1812 2815 habebam
