<?xml version="1.0" encoding="UTF-8"?>
<!DOCTYPE html PUBLIC "-//W3C//DTD XHTML 1.0 Transitional//EN"
    "http://www.w3.org/TR/xhtml1/DTD/xhtml1-transitional.dtd">
<html xmlns="http://www.w3.org/1999/xhtml" xml:lang="en" lang="en">
 <head>
  <title>
</title>
<meta http-equiv="Content-Type" content="text/html;charset=utf-8" />
  <meta name='ocr-system' content='tesseract 3.04.00' />
  <meta name='ocr-capabilities' content='ocr_page ocr_carea ocr_par ocr_line ocrx_word'/>
</head>
<body>
  <div class='ocr_page' id='page_1' title='image "./liudprandiepisco00liuduoft_0028.png"; bbox 0 0 1838 3210; ppageno 0'>
   <div class='ocr_carea' id='block_1_1' title="bbox 324 226 1588 264">
    <p class='ocr_par' dir='ltr' id='par_1_1' title="bbox 324 226 1588 264">
     <span class='ocr_line' id='line_1_1' title="bbox 324 226 1588 264; baseline -0.001 -2"><span class='ocrx_word' id='word_1_1' title='bbox 324 230 345 262; x_wconf 88' lang='grc'><strong>6</strong></span> <span class='ocrx_word' id='word_1_2' title='bbox 548 228 850 264; x_wconf 82' lang='lat' dir='ltr'>LIUDPRANDI</span> <span class='ocrx_word' id='word_1_3' title='bbox 878 227 1223 264; x_wconf 80' lang='lat' dir='ltr'>ANTAPODOSIS.</span> <span class='ocrx_word' id='word_1_4' title='bbox 1275 228 1368 261; x_wconf 86' lang='lat' dir='ltr'><strong>LIB.</strong></span> <span class='ocrx_word' id='word_1_5' title='bbox 1398 228 1428 261; x_wconf 90' lang='lat'>1.</span> <span class='ocrx_word' id='word_1_6' title='bbox 1480 226 1588 262; x_wconf 71' lang='lat'><strong>5—9.</strong></span> 
     </span>
    </p>
   </div>
   <div class='ocr_carea' id='block_1_2' title="bbox 1698 298 1838 1208">
    <p class='ocr_par' dir='ltr' id='par_1_2' title="bbox 1698 298 1838 1208">
     <span class='ocr_line' id='line_1_2' title="bbox 1796 298 1838 495; baseline 0 -137"><span class='ocrx_word' id='word_1_7' title='bbox 1796 298 1838 495; x_wconf 95' lang='lat' dir='ltr'>   </span> 
     </span>
     <span class='ocr_line' id='line_1_3' title="bbox 1776 495 1838 537; baseline 0 2673"><span class='ocrx_word' id='word_1_8' title='bbox 1776 495 1838 537; x_wconf 95' lang='lat' dir='ltr'> </span> 
     </span>
     <span class='ocr_line' id='line_1_4' title="bbox 1698 537 1838 760; baseline 0 -117"><span class='ocrx_word' id='word_1_9' title='bbox 1698 537 1838 760; x_wconf 95' lang='lat' dir='ltr'>     </span> 
     </span>
     <span class='ocr_line' id='line_1_5' title="bbox 1771 760 1838 865; baseline 0 -48"><span class='ocrx_word' id='word_1_10' title='bbox 1771 760 1838 865; x_wconf 95' lang='lat' dir='ltr'>  </span> 
     </span>
     <span class='ocr_line' id='line_1_6' title="bbox 1729 865 1838 1208; baseline 0 -189"><span class='ocrx_word' id='word_1_11' title='bbox 1729 865 1838 1208; x_wconf 95' lang='lat' dir='ltr'>     </span> 
     </span>
    </p>
   </div>
   <div class='ocr_carea' id='block_1_3' title="bbox 111 335 1838 2405">
    <p class='ocr_par' dir='ltr' id='par_1_3' title="bbox 111 335 1838 2405">
     <span class='ocr_line' id='line_1_7' title="bbox 141 335 1792 398; baseline -0.001 -15"><span class='ocrx_word' id='word_1_12' title='bbox 141 345 210 376; x_wconf 75' lang='lat'>8⁸⁷·</span> <span class='ocrx_word' id='word_1_13' title='bbox 232 344 307 372; x_wconf 49' lang='grc' dir='ltr'>ΝΟ*</span> <span class='ocrx_word' id='word_1_14' title='bbox 323 339 437 383; x_wconf 86' lang='lat' dir='ltr'>idem</span> <span class='ocrx_word' id='word_1_15' title='bbox 477 347 644 398; x_wconf 87' lang='lat' dir='ltr'>tempus</span> <span class='ocrx_word' id='word_1_16' title='bbox 686 339 891 382; x_wconf 84' lang='lat' dir='ltr'>Arnulfus</span> <span class='ocrx_word' id='word_1_17' title='bbox 931 355 1007 382; x_wconf 85' lang='lat' dir='ltr'>rex</span> <span class='ocrx_word' id='word_1_18' title='bbox 1047 339 1379 397; x_wconf 84' lang='lat' dir='ltr'>potentissimus,</span> <span class='ocrx_word' id='word_1_19' title='bbox 1417 338 1618 381; x_wconf 74' lang='lat' dir='ltr'>defuneto</span> <span class='ocrx_word' id='word_1_20' title='bbox 1657 335 1792 382; x_wconf 77' lang='lat' dir='ltr'>Karol</span> 
     </span>
     <span class='ocr_line' id='line_1_8' title="bbox 139 383 1807 452; baseline -0.002 -13"><span class='ocrx_word' id='word_1_21' title='bbox 139 413 208 439; x_wconf 74' lang='lat'>899.</span> <span class='ocrx_word' id='word_1_22' title='bbox 227 383 306 439; x_wconf 56' lang='lat' dir='ltr'>&#39;nem</span> <span class='ocrx_word' id='word_1_23' title='bbox 354 397 569 439; x_wconf 87' lang='lat' dir='ltr'>renomine</span> <span class='ocrx_word' id='word_1_24' title='bbox 608 395 743 440; x_wconf 81' lang='lat' dir='ltr'>Calvo</span> <span class='ocrx_word' id='word_1_25' title='bbox 762 403 786 449; x_wconf 82' lang='lat'>¹,</span> <span class='ocrx_word' id='word_1_26' title='bbox 823 396 1067 452; x_wconf 84' lang='lat' dir='ltr'>Bagoariis,</span> <span class='ocrx_word' id='word_1_27' title='bbox 1109 395 1285 449; x_wconf 88' lang='lat' dir='ltr'>Suevis,</span> <span class='ocrx_word' id='word_1_28' title='bbox 1323 394 1501 437; x_wconf 87' lang='lat' dir='ltr'>Francis</span> <span class='ocrx_word' id='word_1_29' title='bbox 1536 392 1807 437; x_wconf 63' lang='lat' dir='ltr'>Teutonici»-</span> 
     </span>
     <span class='ocr_line' id='line_1_9' title="bbox 362 447 1774 508; baseline -0.001 -14"><span class='ocrx_word' id='word_1_30' title='bbox 362 451 524 495; x_wconf 87' lang='lat' dir='ltr'>otharin</span> <span class='ocrx_word' id='word_1_31' title='bbox 559 453 612 504; x_wconf 88' lang='lat' dir='ltr'>is,</span> <span class='ocrx_word' id='word_1_32' title='bbox 652 451 974 508; x_wconf 81' lang='lat' dir='ltr'><strong>audacibusque</strong></span> <span class='ocrx_word' id='word_1_33' title='bbox 1048 450 1365 507; x_wconf 70' lang='lat' dir='ltr'>rincipabaturb</span> <span class='ocrx_word' id='word_1_34' title='bbox 1411 447 1671 493; x_wconf 72' lang='lat' dir='ltr'>Saxonibus.</span> <span class='ocrx_word' id='word_1_35' title='bbox 1736 447 1774 493; x_wconf 85' lang='lat' dir='ltr'>C</span> 
     </span>
     <span class='ocr_line' id='line_1_10' title="bbox 143 504 1775 572; baseline -0.002 -21"><span class='ocrx_word' id='word_1_36' title='bbox 143 507 531 552; x_wconf 75' lang='lat' dir='ltr'>⁸⁹2-s⁹⁴.Centeba1</span> <span class='ocrx_word' id='word_1_37' title='bbox 565 523 627 558; x_wconf 87' lang='lat' dir='ltr'>us,</span> <span class='ocrx_word' id='word_1_38' title='bbox 657 509 985 551; x_wconf 86' lang='lat' dir='ltr'>Maravanorum</span> <span class='ocrx_word' id='word_1_39' title='bbox 1036 522 1109 560; x_wconf 81' lang='lat' dir='ltr'>ux,</span> <span class='ocrx_word' id='word_1_40' title='bbox 1139 506 1317 549; x_wconf 84' lang='lat' dir='ltr'>viriliter</span> <span class='ocrx_word' id='word_1_41' title='bbox 1335 521 1381 548; x_wconf 89' lang='lat' dir='ltr'>re</span> <span class='ocrx_word' id='word_1_42' title='bbox 1414 505 1617 572; x_wconf 74' lang='lat' dir='ltr'>ugnabat,</span> <span class='ocrx_word' id='word_1_43' title='bbox 1665 504 1775 549; x_wconf 83' lang='lat' dir='ltr'>Bere</span> 
     </span>
     <span class='ocr_line' id='line_1_11' title="bbox 144 559 1729 620; baseline -0.001 -15"><span class='ocrx_word' id='word_1_44' title='bbox 144 583 311 611; x_wconf 56' lang='grc' dir='ltr'>αρε-894,</span> <span class='ocrx_word' id='word_1_45' title='bbox 354 565 468 606; x_wconf 85' lang='lat' dir='ltr'>arius</span> <span class='ocrx_word' id='word_1_46' title='bbox 505 573 547 607; x_wconf 87' lang='lat' dir='ltr'>et</span> <span class='ocrx_word' id='word_1_47' title='bbox 576 564 707 606; x_wconf 84' lang='lat' dir='ltr'>Wido</span> <span class='ocrx_word' id='word_1_48' title='bbox 745 565 1020 620; x_wconf 82' lang='lat' dir='ltr'>imperatores</span> <span class='ocrx_word' id='word_1_49' title='bbox 1061 563 1115 605; x_wconf 90' lang='lat' dir='ltr'>ob</span> <span class='ocrx_word' id='word_1_50' title='bbox 1154 577 1328 618; x_wconf 87' lang='lat' dir='ltr'>regnum</span> <span class='ocrx_word' id='word_1_51' title='bbox 1387 562 1563 604; x_wconf 89' lang='lat' dir='ltr'>tahcum</span> <span class='ocrx_word' id='word_1_52' title='bbox 1602 559 1729 604; x_wconf 85' lang='lat' dir='ltr'>confli</span> 
     </span>
     <span class='ocr_line' id='line_1_12' title="bbox 154 616 1695 675; baseline 0 -15"><span class='ocrx_word' id='word_1_53' title='bbox 154 635 224 661; x_wconf 83' lang='lat'>891.</span> <span class='ocrx_word' id='word_1_54' title='bbox 244 634 310 662; x_wconf 75' lang='lat' dir='ltr'>Oct.</span> <span class='ocrx_word' id='word_1_55' title='bbox 354 627 491 663; x_wconf 83' lang='lat' dir='ltr'>antur.</span> <span class='ocrx_word' id='word_1_56' title='bbox 556 619 789 662; x_wconf 84' lang='lat' dir='ltr'>Formosus</span> <span class='ocrx_word' id='word_1_57' title='bbox 828 619 1072 661; x_wconf 89' lang='lat' dir='ltr'>Portucnsis</span> <span class='ocrx_word' id='word_1_58' title='bbox 1117 619 1300 660; x_wconf 87' lang='lat' dir='ltr'>civitatis</span> <span class='ocrx_word' id='word_1_59' title='bbox 1337 619 1482 675; x_wconf 89' lang='lat' dir='ltr'>episco</span> <span class='ocrx_word' id='word_1_60' title='bbox 1515 631 1588 671; x_wconf 90' lang='lat' dir='ltr'>us,</span> <span class='ocrx_word' id='word_1_61' title='bbox 1628 616 1695 660; x_wconf 87' lang='lat' dir='ltr'>Ro</span> 
     </span>
     <span class='ocr_line' id='line_1_13' title="bbox 141 671 1811 731; baseline 0 -15"><span class='ocrx_word' id='word_1_62' title='bbox 141 701 209 729; x_wconf 75' lang='lat'><strong>⁸⁹⁶.</strong></span> <span class='ocrx_word' id='word_1_63' title='bbox 232 671 309 729; x_wconf 36' lang='lat' dir='ltr'><strong>&#39;Mag‘</strong></span> <span class='ocrx_word' id='word_1_64' title='bbox 325 676 438 718; x_wconf 84' lang='lat' dir='ltr'>sedis</span> <span class='ocrx_word' id='word_1_65' title='bbox 469 690 658 717; x_wconf 87' lang='lat' dir='ltr'>summus</span> <span class='ocrx_word' id='word_1_66' title='bbox 689 683 731 718; x_wconf 90' lang='lat' dir='ltr'>et</span> <span class='ocrx_word' id='word_1_67' title='bbox 749 673 1000 718; x_wconf 87' lang='lat' dir='ltr'>universalis</span> <span class='ocrx_word' id='word_1_68' title='bbox 1032 689 1145 731; x_wconf 87' lang='lat' dir='ltr'>papa</span> <span class='ocrx_word' id='word_1_69' title='bbox 1165 672 1414 717; x_wconf 82' lang='lat' dir='ltr'>habebatur.</span> <span class='ocrx_word' id='word_1_70' title='bbox 1495 672 1549 716; x_wconf 88' lang='lat' dir='ltr'>ed</span> <span class='ocrx_word' id='word_1_71' title='bbox 1569 686 1696 727; x_wconf 83' lang='lat' dir='ltr'>nunc,</span> <span class='ocrx_word' id='word_1_72' title='bbox 1717 672 1811 731; x_wconf 44' lang='lat' dir='ltr'>qui,</span> 
     </span>
     <span class='ocr_line' id='line_1_14' title="bbox 324 730 1771 828; baseline -0.001 -55"><span class='ocrx_word' id='word_1_73' title='bbox 324 731 689 828; x_wconf 72' lang='lat' dir='ltr'>sublunoquoque</span> <span class='ocrx_word' id='word_1_74' title='bbox 720 730 872 772; x_wconf 87' lang='lat' dir='ltr'>horum</span> <span class='ocrx_word' id='word_1_75' title='bbox 907 736 1074 787; x_wconf 88' lang='lat' dir='ltr'>gestum</span> <span class='ocrx_word' id='word_1_76' title='bbox 1114 731 1181 784; x_wconf 90' lang='lat' dir='ltr'>sit,</span> <span class='ocrx_word' id='word_1_77' title='bbox 1219 737 1345 786; x_wconf 87' lang='lat' dir='ltr'>prout</span> <span class='ocrx_word' id='word_1_78' title='bbox 1386 730 1558 773; x_wconf 85' lang='lat' dir='ltr'>brevius</span> <span class='ocrx_word' id='word_1_79' title='bbox 1594 742 1771 786; x_wconf 82' lang='lat' dir='ltr'>possum</span> 
     </span>
     <span class='ocr_line' id='line_1_15' title="bbox 324 801 1815 831; baseline 0.002 -3"><span class='ocrx_word' id='word_1_80' title='bbox 324 802 378 829; x_wconf 83' lang='lat' dir='ltr'>ex</span> <span class='ocrx_word' id='word_1_81' title='bbox 428 801 602 829; x_wconf 90' lang='lat' dir='ltr'>1cemus.</span> <span class='ocrx_word' id='word_1_82' title='bbox 1811 830 1815 831; x_wconf 19' lang='lat'><em>⁷</em></span> 
     </span>
     <span class='ocr_line' id='line_1_16' title="bbox 144 802 1770 898; baseline -0.001 -14"><span class='ocrx_word' id='word_1_83' title='bbox 144 856 308 884; x_wconf 75' lang='lat' dir='ltr'>ese-912.</span> <span class='ocrx_word' id='word_1_84' title='bbox 380 802 408 844; x_wconf 78' lang='lat' dir='ltr'>p</span> <span class='ocrx_word' id='word_1_85' title='bbox 435 843 475 884; x_wconf 83' lang='lat'>6.</span> <span class='ocrx_word' id='word_1_86' title='bbox 522 842 611 885; x_wconf 88' lang='lat' dir='ltr'>Leo</span> <span class='ocrx_word' id='word_1_87' title='bbox 656 843 812 898; x_wconf 87' lang='lat' dir='ltr'>igitur,</span> <span class='ocrx_word' id='word_1_88' title='bbox 857 841 1092 885; x_wconf 82' lang='lat' dir='ltr'>Grecorum</span> <span class='ocrx_word' id='word_1_89' title='bbox 1136 842 1357 898; x_wconf 90' lang='lat' dir='ltr'>piissimus</span> <span class='ocrx_word' id='word_1_90' title='bbox 1400 841 1658 898; x_wconf 84' lang='lat' dir='ltr'>imperator,</span> <span class='ocrx_word' id='word_1_91' title='bbox 1701 839 1770 883; x_wconf 80' lang='lat' dir='ltr'>eui</span> 
     </span>
     <span class='ocr_line' id='line_1_17' title="bbox 323 895 1804 955; baseline -0.001 -15"><span class='ocrx_word' id='word_1_92' title='bbox 323 912 452 955; x_wconf 88' lang='lat' dir='ltr'>supra</span> <span class='ocrx_word' id='word_1_93' title='bbox 481 898 660 940; x_wconf 81' lang='lat' dir='ltr'><strong>fecimus</strong></span> <span class='ocrx_word' id='word_1_94' title='bbox 691 898 960 951; x_wconf 84' lang='lat' dir='ltr'>mentionem,</span> <span class='ocrx_word' id='word_1_95' title='bbox 992 898 1260 941; x_wconf 79' lang='lat' dir='ltr'><strong>Constantini</strong></span> <span class='ocrx_word' id='word_1_96' title='bbox 1291 895 1451 940; x_wconf 89' lang='lat' dir='ltr'>scilicet</span> <span class='ocrx_word' id='word_1_97' title='bbox 1478 896 1604 939; x_wconf 88' lang='lat' dir='ltr'>huius</span> <span class='ocrx_word' id='word_1_98' title='bbox 1626 895 1804 953; x_wconf 69' lang='lat' dir='ltr'>Por-phy</span> 
     </span>
     <span class='ocr_line' id='line_1_18' title="bbox 323 950 1819 1010; baseline 0 -15"><span class='ocrx_word' id='word_1_99' title='bbox 323 954 507 1010; x_wconf 88' lang='lat' dir='ltr'>rogeniti</span> <span class='ocrx_word' id='word_1_100' title='bbox 538 962 671 1010; x_wconf 85' lang='lat' dir='ltr'>pater,</span> <span class='ocrx_word' id='word_1_101' title='bbox 702 953 805 996; x_wconf 87' lang='lat' dir='ltr'>undi</span> <span class='ocrx_word' id='word_1_102' title='bbox 837 969 890 996; x_wconf 91' lang='lat' dir='ltr'>ue</span> <span class='ocrx_word' id='word_1_103' title='bbox 950 968 1028 996; x_wconf 88' lang='lat' dir='ltr'>ace</span> <span class='ocrx_word' id='word_1_104' title='bbox 1055 952 1202 996; x_wconf 86' lang='lat' dir='ltr'>habita</span> <span class='ocrx_word' id='word_1_105' title='bbox 1224 959 1370 996; x_wconf 88' lang='lat' dir='ltr'>sancte</span> <span class='ocrx_word' id='word_1_106' title='bbox 1392 958 1434 995; x_wconf 87' lang='lat' dir='ltr'>et</span> <span class='ocrx_word' id='word_1_107' title='bbox 1451 952 1562 995; x_wconf 86' lang='lat' dir='ltr'>iuste</span> <span class='ocrx_word' id='word_1_108' title='bbox 1582 950 1726 995; x_wconf 81' lang='lat' dir='ltr'>Greeo</span> <span class='ocrx_word' id='word_1_109' title='bbox 1816 953 1819 956; x_wconf 53' lang='grc'><em>“</em></span> 
     </span>
     <span class='ocr_line' id='line_1_19' title="bbox 323 1008 1822 1067; baseline -0.001 -15"><span class='ocrx_word' id='word_1_110' title='bbox 323 1024 368 1052; x_wconf 90' lang='lat' dir='ltr'>re</span> <span class='ocrx_word' id='word_1_111' title='bbox 402 1008 500 1052; x_wconf 87' lang='lat' dir='ltr'>ebat</span> <span class='ocrx_word' id='word_1_112' title='bbox 527 1010 767 1067; x_wconf 86' lang='lat' dir='ltr'>imperium.</span> <span class='ocrx_word' id='word_1_113' title='bbox 850 1024 874 1051; x_wconf 95' lang='grc' dir='ltr'><strong>ο</strong></span> <span class='ocrx_word' id='word_1_114' title='bbox 957 1011 1035 1066; x_wconf 66' lang='lat' dir='ltr'>yro</span> <span class='ocrx_word' id='word_1_115' title='bbox 1069 1009 1230 1052; x_wconf 91' lang='lat' dir='ltr'>enitum</span> <span class='ocrx_word' id='word_1_116' title='bbox 1257 1015 1400 1052; x_wconf 85' lang='lat' dir='ltr'>autem</span> <span class='ocrx_word' id='word_1_117' title='bbox 1429 1023 1517 1051; x_wconf 89' lang='lat' dir='ltr'>non</span> <span class='ocrx_word' id='word_1_118' title='bbox 1544 1008 1591 1051; x_wconf 93' lang='lat' dir='ltr'>in</span> <span class='ocrx_word' id='word_1_119' title='bbox 1647 1021 1729 1066; x_wconf 83' lang='lat' dir='ltr'>urp</span> <span class='ocrx_word' id='word_1_120' title='bbox 1815 1028 1822 1034; x_wconf 61' lang='lat'><em>⁴</em></span> 
     </span>
     <span class='ocr_line' id='line_1_20' title="bbox 325 1024 1824 1122; baseline 0.001 -15"><span class='ocrx_word' id='word_1_121' title='bbox 325 1024 400 1108; x_wconf 56' lang='lat' dir='ltr'>sed</span> <span class='ocrx_word' id='word_1_122' title='bbox 429 1065 473 1107; x_wconf 88' lang='lat' dir='ltr'>in</span> <span class='ocrx_word' id='word_1_123' title='bbox 504 1064 630 1107; x_wconf 87' lang='lat' dir='ltr'>domo</span> <span class='ocrx_word' id='word_1_124' title='bbox 661 1080 744 1122; x_wconf 89' lang='lat' dir='ltr'>que</span> <span class='ocrx_word' id='word_1_125' title='bbox 774 1025 997 1122; x_wconf 54' lang='lat' dir='ltr'>Porp¹i1³yra</span> <span class='ocrx_word' id='word_1_126' title='bbox 1066 1065 1204 1117; x_wconf 89' lang='lat' dir='ltr'>icitur,</span> <span class='ocrx_word' id='word_1_127' title='bbox 1242 1071 1389 1107; x_wconf 86' lang='lat' dir='ltr'>natum</span> <span class='ocrx_word' id='word_1_128' title='bbox 1423 1079 1449 1107; x_wconf 88' lang='lat' dir='ltr'>a</span> <span class='ocrx_word' id='word_1_129' title='bbox 1482 1063 1576 1107; x_wconf 88' lang='lat' dir='ltr'>ello.</span> <span class='ocrx_word' id='word_1_130' title='bbox 1672 1069 1692 1106; x_wconf 83' lang='lat' dir='ltr'>t</span> <span class='ocrx_word' id='word_1_131' title='bbox 1720 1077 1779 1122; x_wconf 87' lang='lat' dir='ltr'>qu</span> <span class='ocrx_word' id='word_1_132' title='bbox 1815 1103 1824 1112; x_wconf 74' lang='grc'>,,</span> 
     </span>
     <span class='ocr_line' id='line_1_21' title="bbox 323 1113 1787 1178; baseline 0 -16"><span class='ocrx_word' id='word_1_133' title='bbox 323 1121 440 1162; x_wconf 91' lang='lat' dir='ltr'>niam</span> <span class='ocrx_word' id='word_1_134' title='bbox 469 1135 537 1163; x_wconf 87' lang='lat' dir='ltr'>res</span> <span class='ocrx_word' id='word_1_135' title='bbox 598 1122 774 1164; x_wconf 86' lang='lat' dir='ltr'>rocessit</span> <span class='ocrx_word' id='word_1_136' title='bbox 803 1122 847 1163; x_wconf 91' lang='lat' dir='ltr'>in</span> <span class='ocrx_word' id='word_1_137' title='bbox 876 1121 1078 1175; x_wconf 89' lang='lat' dir='ltr'>medium,</span> <span class='ocrx_word' id='word_1_138' title='bbox 1109 1120 1212 1178; x_wconf 89' lang='lat' dir='ltr'>quid</span> <span class='ocrx_word' id='word_1_139' title='bbox 1241 1121 1296 1163; x_wconf 84' lang='lat' dir='ltr'>de</span> <span class='ocrx_word' id='word_1_140' title='bbox 1317 1121 1444 1164; x_wconf 88' lang='lat' dir='ltr'>huius</span> <span class='ocrx_word' id='word_1_141' title='bbox 1500 1113 1787 1178; x_wconf 63' lang='lat' dir='ltr'>orphyrogeni</span> 
     </span>
     <span class='ocr_line' id='line_1_22' title="bbox 324 1176 1063 1234; baseline -0.001 -16"><span class='ocrx_word' id='word_1_142' title='bbox 324 1176 471 1232; x_wconf 86' lang='lat' dir='ltr'>genesi</span> <span class='ocrx_word' id='word_1_143' title='bbox 501 1191 556 1218; x_wconf 86' lang='lat' dir='ltr'>au</span> <span class='ocrx_word' id='word_1_144' title='bbox 589 1177 755 1230; x_wconf 88' lang='lat' dir='ltr'>ivimus,</span> <span class='ocrx_word' id='word_1_145' title='bbox 785 1177 1063 1234; x_wconf 83' lang='lat' dir='ltr'>proferamus.</span> 
     </span>
     <span class='ocr_line' id='line_1_23' title="bbox 438 1231 1838 1290; baseline 0.001 -17"><span class='ocrx_word' id='word_1_146' title='bbox 438 1232 476 1273; x_wconf 85' lang='lat'>7.</span> <span class='ocrx_word' id='word_1_147' title='bbox 523 1232 830 1275; x_wconf 84' lang='lat' dir='ltr'>Constantinus</span> <span class='ocrx_word' id='word_1_148' title='bbox 869 1234 1101 1290; x_wconf 88' lang='lat' dir='ltr'>imperator</span> <span class='ocrx_word' id='word_1_149' title='bbox 1136 1238 1358 1288; x_wconf 88' lang='lat' dir='ltr'>augustus,</span> <span class='ocrx_word' id='word_1_150' title='bbox 1398 1247 1455 1275; x_wconf 86' lang='lat' dir='ltr'>ex</span> <span class='ocrx_word' id='word_1_151' title='bbox 1492 1231 1613 1274; x_wconf 86' lang='lat' dir='ltr'>cuius</span> <span class='ocrx_word' id='word_1_152' title='bbox 1650 1231 1799 1274; x_wconf 87' lang='lat' dir='ltr'>nomin</span> <span class='ocrx_word' id='word_1_153' title='bbox 1836 1263 1838 1266; x_wconf 88' lang='lat'><em>-</em></span> 
     </span>
     <span class='ocr_line' id='line_1_24' title="bbox 112 1285 1775 1345; baseline 0 -14"><span class='ocrx_word' id='word_1_154' title='bbox 112 1295 137 1331; x_wconf 89' lang='grc'>·)</span> <span class='ocrx_word' id='word_1_155' title='bbox 154 1298 309 1326; x_wconf 56' lang='lat' dir='ltr'>vaculus.</span> <span class='ocrx_word' id='word_1_156' title='bbox 328 1285 722 1345; x_wconf 81' lang='lat' dir='ltr'>Constantinopolis</span> <span class='ocrx_word' id='word_1_157' title='bbox 766 1295 830 1331; x_wconf 88' lang='lat' dir='ltr'>est</span> <span class='ocrx_word' id='word_1_158' title='bbox 873 1290 1023 1331; x_wconf 85' lang='lat' dir='ltr'>sortita</span> <span class='ocrx_word' id='word_1_159' title='bbox 1059 1287 1319 1331; x_wconf 87' lang='lat' dir='ltr'>vocabulum</span> <span class='ocrx_word' id='word_1_160' title='bbox 1357 1288 1522 1342; x_wconf 82' lang='lat' dir='ltr'>civitas,</span> <span class='ocrx_word' id='word_1_161' title='bbox 1564 1287 1670 1331; x_wconf 74' lang='grc' dir='ltr'>τὸν*</span> <span class='ocrx_word' id='word_1_162' title='bbox 1708 1287 1775 1331; x_wconf 76' lang='grc' dir='ltr'>οἰκ</span> 
     </span>
     <span class='ocr_line' id='line_1_25' title="bbox 325 1343 1838 1399; baseline 0.001 -14"><span class='ocrx_word' id='word_1_163' title='bbox 325 1343 487 1397; x_wconf 74' lang='grc' dir='ltr'>τοῦτον,</span> <span class='ocrx_word' id='word_1_164' title='bbox 527 1351 602 1386; x_wconf 90' lang='lat' dir='ltr'>ton</span> <span class='ocrx_word' id='word_1_165' title='bbox 631 1344 728 1386; x_wconf 94' lang='lat' dir='ltr'>icon</span> <span class='ocrx_word' id='word_1_166' title='bbox 757 1351 920 1399; x_wconf 89' lang='lat' dir='ltr'>touton,</span> <span class='ocrx_word' id='word_1_167' title='bbox 951 1344 1128 1387; x_wconf 90' lang='lat' dir='ltr'>domum</span> <span class='ocrx_word' id='word_1_168' title='bbox 1161 1345 1300 1398; x_wconf 77' lang='lat' dir='ltr'>istam,</span> <span class='ocrx_word' id='word_1_169' title='bbox 1340 1343 1540 1386; x_wconf 89' lang='lat' dir='ltr'>edificare</span> <span class='ocrx_word' id='word_1_170' title='bbox 1577 1343 1715 1396; x_wconf 85' lang='lat' dir='ltr'>iussit,</span> <span class='ocrx_word' id='word_1_171' title='bbox 1836 1353 1838 1358; x_wconf 65' lang='lat'>‘</span> 
     </span>
     <span class='ocr_line' id='line_1_26' title="bbox 324 1397 1823 1466; baseline 0.001 -26"><span class='ocrx_word' id='word_1_172' title='bbox 324 1398 549 1455; x_wconf 64' lang='lat' dir='ltr'>Porphyra</span> <span class='ocrx_word' id='word_1_173' title='bbox 578 1413 733 1442; x_wconf 89' lang='lat' dir='ltr'>nomen</span> <span class='ocrx_word' id='word_1_174' title='bbox 772 1401 982 1466; x_wconf 79' lang='lat' dir='ltr'>inposuit3</span> <span class='ocrx_word' id='word_1_175' title='bbox 1021 1400 1155 1443; x_wconf 85' lang='lat' dir='ltr'>voluit</span> <span class='ocrx_word' id='word_1_176' title='bbox 1186 1415 1239 1442; x_wconf 89' lang='lat' dir='ltr'>ue</span> <span class='ocrx_word' id='word_1_177' title='bbox 1269 1414 1563 1442; x_wconf 77' lang='lat' dir='ltr'><strong>successuram</strong></span> <span class='ocrx_word' id='word_1_178' title='bbox 1590 1397 1770 1450; x_wconf 63' lang='lat' dir='ltr'>nobilita</span> <span class='ocrx_word' id='word_1_179' title='bbox 1788 1398 1823 1460; x_wconf 19' lang='lat'>‘-</span> 
     </span>
     <span class='ocr_line' id='line_1_27' title="bbox 325 1453 1838 1520; baseline 0.002 -24"><span class='ocrx_word' id='word_1_180' title='bbox 325 1468 426 1497; x_wconf 86' lang='lat' dir='ltr'>suae</span> <span class='ocrx_word' id='word_1_181' title='bbox 463 1453 654 1497; x_wconf 85' lang='lat' dir='ltr'><strong>subolem</strong></span> <span class='ocrx_word' id='word_1_182' title='bbox 695 1456 790 1498; x_wconf 88' lang='lat' dir='ltr'>istic</span> <span class='ocrx_word' id='word_1_183' title='bbox 827 1472 873 1498; x_wconf 88' lang='lat' dir='ltr'>m</span> <span class='ocrx_word' id='word_1_184' title='bbox 908 1455 1047 1498; x_wconf 91' lang='lat' dir='ltr'>lucem</span> <span class='ocrx_word' id='word_1_185' title='bbox 1083 1470 1162 1513; x_wconf 89' lang='lat' dir='ltr'>pro</span> <span class='ocrx_word' id='word_1_186' title='bbox 1194 1457 1255 1498; x_wconf 88' lang='lat' dir='ltr'>ire</span> <span class='ocrx_word' id='word_1_187' title='bbox 1315 1456 1528 1520; x_wconf 71' lang='lat' dir='ltr'>quatinus,</span> <span class='ocrx_word' id='word_1_188' title='bbox 1586 1455 1632 1497; x_wconf 90' lang='lat' dir='ltr'>ui</span> <span class='ocrx_word' id='word_1_189' title='bbox 1662 1469 1742 1498; x_wconf 90' lang='lat' dir='ltr'>suo</span> <span class='ocrx_word' id='word_1_190' title='bbox 1814 1459 1838 1501; x_wconf 66' lang='lat'>1</span> 
     </span>
     <span class='ocr_line' id='line_1_28' title="bbox 325 1470 1792 1577; baseline 0.002 -26"><span class='ocrx_word' id='word_1_191' title='bbox 325 1516 502 1552; x_wconf 87' lang='lat' dir='ltr'>stemate</span> <span class='ocrx_word' id='word_1_192' title='bbox 522 1517 811 1565; x_wconf 86' lang='lat' dir='ltr'>nascerentur,</span> <span class='ocrx_word' id='word_1_193' title='bbox 841 1510 1054 1554; x_wconf 88' lang='lat' dir='ltr'>luculenta</span> <span class='ocrx_word' id='word_1_194' title='bbox 1073 1511 1154 1554; x_wconf 89' lang='lat' dir='ltr'>hac</span> <span class='ocrx_word' id='word_1_195' title='bbox 1182 1488 1436 1576; x_wconf 76' lang='lat' dir='ltr'>apellatione</span> <span class='ocrx_word' id='word_1_196' title='bbox 1466 1470 1792 1577; x_wconf 56' lang='lat' dir='ltr'>Porssbyrogeni</span> 
     </span>
     <span class='ocr_line' id='line_1_29' title="bbox 325 1564 1838 1625; baseline 0.001 -18"><span class='ocrx_word' id='word_1_197' title='bbox 325 1564 578 1608; x_wconf 88' lang='lat' dir='ltr'>dicerentur.</span> <span class='ocrx_word' id='word_1_198' title='bbox 636 1566 762 1610; x_wconf 86' lang='lat' dir='ltr'>Unde</span> <span class='ocrx_word' id='word_1_199' title='bbox 793 1573 834 1609; x_wconf 90' lang='lat' dir='ltr'>et</span> <span class='ocrx_word' id='word_1_200' title='bbox 861 1567 975 1610; x_wconf 91' lang='lat' dir='ltr'>hunc</span> <span class='ocrx_word' id='word_1_201' title='bbox 995 1566 1336 1622; x_wconf 87' lang='lat' dir='ltr'>Constantmum,</span> <span class='ocrx_word' id='word_1_202' title='bbox 1366 1567 1523 1610; x_wconf 89' lang='lat' dir='ltr'>Leonis</span> <span class='ocrx_word' id='word_1_203' title='bbox 1551 1566 1798 1625; x_wconf 71' lang='lat' dir='ltr'>imperatori</span> <span class='ocrx_word' id='word_1_204' title='bbox 1836 1613 1838 1624; x_wconf 24' lang='lat'>4</span> 
     </span>
     <span class='ocr_line' id='line_1_30' title="bbox 324 1619 1825 1680; baseline 0.003 -18"><span class='ocrx_word' id='word_1_205' title='bbox 324 1619 473 1674; x_wconf 91' lang='lat' dir='ltr'>filium,</span> <span class='ocrx_word' id='word_1_206' title='bbox 517 1636 572 1664; x_wconf 85' lang='lat' dir='ltr'>ex</span> <span class='ocrx_word' id='word_1_207' title='bbox 611 1622 703 1664; x_wconf 89' lang='lat' dir='ltr'>eius</span> <span class='ocrx_word' id='word_1_208' title='bbox 740 1624 948 1679; x_wconf 85' lang='lat' dir='ltr'>sanguine</span> <span class='ocrx_word' id='word_1_209' title='bbox 986 1622 1178 1666; x_wconf 92' lang='lat' dir='ltr'>nonnulli</span> <span class='ocrx_word' id='word_1_210' title='bbox 1217 1623 1366 1667; x_wconf 88' lang='lat' dir='ltr'>dicunt</span> <span class='ocrx_word' id='word_1_211' title='bbox 1404 1623 1615 1680; x_wconf 85' lang='lat' dir='ltr'>originem</span> <span class='ocrx_word' id='word_1_212' title='bbox 1648 1622 1760 1666; x_wconf 84' lang='lat' dir='ltr'>duce</span> <span class='ocrx_word' id='word_1_213' title='bbox 1792 1629 1825 1659; x_wconf 77' lang='lat'>·-1</span> 
     </span>
     <span class='ocr_line' id='line_1_31' title="bbox 325 1675 1825 1722; baseline 0.003 -4"><span class='ocrx_word' id='word_1_214' title='bbox 325 1675 496 1719; x_wconf 82' lang='lat' dir='ltr'>Veritas</span> <span class='ocrx_word' id='word_1_215' title='bbox 524 1683 668 1719; x_wconf 88' lang='lat' dir='ltr'>autem</span> <span class='ocrx_word' id='word_1_216' title='bbox 696 1679 758 1721; x_wconf 92' lang='lat' dir='ltr'>rei</span> <span class='ocrx_word' id='word_1_217' title='bbox 787 1679 913 1720; x_wconf 91' lang='lat' dir='ltr'>huius</span> <span class='ocrx_word' id='word_1_218' title='bbox 943 1679 1003 1721; x_wconf 89' lang='lat' dir='ltr'>ita</span> <span class='ocrx_word' id='word_1_219' title='bbox 1031 1694 1076 1721; x_wconf 91' lang='lat' dir='ltr'>se</span> <span class='ocrx_word' id='word_1_220' title='bbox 1105 1679 1247 1722; x_wconf 86' lang='lat' dir='ltr'>habet.</span> <span class='ocrx_word' id='word_1_221' title='bbox 1824 1705 1825 1711; x_wconf 68' lang='lat'><em>=</em></span> 
     </span>
     <span class='ocr_line' id='line_1_32' title="bbox 438 1731 1791 1791; baseline 0.002 -18"><span class='ocrx_word' id='word_1_222' title='bbox 438 1731 477 1774; x_wconf 91' lang='lat'>8.</span> <span class='ocrx_word' id='word_1_223' title='bbox 520 1732 704 1775; x_wconf 84' lang='lat' dir='ltr'>Basilius</span> <span class='ocrx_word' id='word_1_224' title='bbox 734 1735 966 1790; x_wconf 86' lang='lat' dir='ltr'>imperator</span> <span class='ocrx_word' id='word_1_225' title='bbox 992 1742 1212 1791; x_wconf 87' lang='lat' dir='ltr'>augustus,</span> <span class='ocrx_word' id='word_1_226' title='bbox 1248 1748 1355 1777; x_wconf 85' lang='lat' dir='ltr'>avus</span> <span class='ocrx_word' id='word_1_227' title='bbox 1393 1734 1535 1789; x_wconf 87' lang='lat' dir='ltr'>huius,</span> <span class='ocrx_word' id='word_1_228' title='bbox 1562 1733 1747 1777; x_wconf 82' lang='lat' dir='ltr'>Macedo</span> <span class='ocrx_word' id='word_1_229' title='bbox 1760 1756 1765 1771; x_wconf 81' lang='grc' dir='ltr'>ι</span> <span class='ocrx_word' id='word_1_230' title='bbox 1779 1733 1791 1744; x_wconf 84' lang='grc'><em>“</em></span> 
     </span>
     <span class='ocr_line' id='line_1_33' title="bbox 325 1785 1827 1855; baseline 0.003 -27"><span class='ocrx_word' id='word_1_231' title='bbox 325 1785 475 1828; x_wconf 88' lang='lat' dir='ltr'>humili</span> <span class='ocrx_word' id='word_1_232' title='bbox 504 1787 642 1830; x_wconf 76' lang='lat' dir='ltr'>filei-at</span> <span class='ocrx_word' id='word_1_233' title='bbox 669 1790 871 1855; x_wconf 84' lang='lat' dir='ltr'>prosapia</span> <span class='ocrx_word' id='word_1_234' title='bbox 891 1789 1108 1843; x_wconf 89' lang='lat' dir='ltr'>oriundus,</span> <span class='ocrx_word' id='word_1_235' title='bbox 1138 1790 1443 1848; x_wconf 87' lang='lat' dir='ltr'>descenditque</span> <span class='ocrx_word' id='word_1_236' title='bbox 1464 1790 1793 1848; x_wconf 81' lang='lat' dir='ltr'>Constantinop</span> <span class='ocrx_word' id='word_1_237' title='bbox 1812 1810 1827 1815; x_wconf 31' lang='lat' dir='ltr'>v</span> 
     </span>
     <span class='ocr_line' id='line_1_34' title="bbox 111 1841 1824 1912; baseline 0.001 -25"><span class='ocrx_word' id='word_1_238' title='bbox 111 1851 136 1887; x_wconf 83' lang='lat'>&#39;)</span> <span class='ocrx_word' id='word_1_239' title='bbox 153 1853 311 1882; x_wconf 69' lang='lat' dir='ltr'>articulus.</span> <span class='ocrx_word' id='word_1_240' title='bbox 325 1841 399 1884; x_wconf 93' lang='lat' dir='ltr'>lim</span> <span class='ocrx_word' id='word_1_241' title='bbox 427 1846 502 1896; x_wconf 80' lang='grc' dir='ltr'>τῆς</span> <span class='ocrx_word' id='word_1_242' title='bbox 540 1858 749 1898; x_wconf 83' lang='grc' dir='ltr'>πτοχειας,</span> <span class='ocrx_word' id='word_1_243' title='bbox 784 1847 871 1887; x_wconf 66' lang='lat' dir='ltr'>tls*</span> <span class='ocrx_word' id='word_1_244' title='bbox 905 1845 1112 1902; x_wconf 82' lang='lat' dir='ltr'>ptochias,</span> <span class='ocrx_word' id='word_1_245' title='bbox 1152 1845 1269 1903; x_wconf 89' lang='lat' dir='ltr'>quod</span> <span class='ocrx_word' id='word_1_246' title='bbox 1307 1854 1371 1890; x_wconf 84' lang='lat' dir='ltr'>est</span> <span class='ocrx_word' id='word_1_247' title='bbox 1398 1846 1662 1912; x_wconf 68' lang='lat' dir='ltr'>paupertatis</span> <span class='ocrx_word' id='word_1_248' title='bbox 1702 1846 1720 1888; x_wconf 90' lang='lat' dir='ltr'>i</span> <span class='ocrx_word' id='word_1_249' title='bbox 1757 1863 1824 1902; x_wconf 54' lang='grc' dir='ltr'>μζ</span> 
     </span>
     <span class='ocr_line' id='line_1_35' title="bbox 325 1890 1835 1963; baseline 0.004 -24"><span class='ocrx_word' id='word_1_250' title='bbox 325 1904 374 1940; x_wconf 90' lang='lat' dir='ltr'>ut</span> <span class='ocrx_word' id='word_1_251' title='bbox 402 1898 573 1941; x_wconf 84' lang='lat' dir='ltr'>cuidam</span> <span class='ocrx_word' id='word_1_252' title='bbox 604 1902 783 1943; x_wconf 86' lang='lat' dir='ltr'>serviret</span> <span class='ocrx_word' id='word_1_253' title='bbox 810 1902 1024 1957; x_wconf 80' lang='lat' dir='ltr'>igumen0‚</span> <span class='ocrx_word' id='word_1_254' title='bbox 1053 1901 1098 1943; x_wconf 91' lang='lat' dir='ltr'>id</span> <span class='ocrx_word' id='word_1_255' title='bbox 1128 1908 1192 1944; x_wconf 90' lang='lat' dir='ltr'>est</span> <span class='ocrx_word' id='word_1_256' title='bbox 1219 1900 1380 1944; x_wconf 86' lang='lat' dir='ltr'>abbati.</span> <span class='ocrx_word' id='word_1_257' title='bbox 1422 1902 1563 1959; x_wconf 85' lang='lat' dir='ltr'>Ig1tur</span> <span class='ocrx_word' id='word_1_258' title='bbox 1588 1902 1754 1959; x_wconf 77' lang='lat' dir='ltr'>impera</span> <span class='ocrx_word' id='word_1_259' title='bbox 1781 1890 1835 1963; x_wconf 57' lang='lat' dir='ltr'>n}</span> 
     </span>
     <span class='ocr_line' id='line_1_36' title="bbox 325 1953 1832 2014; baseline 0.004 -19"><span class='ocrx_word' id='word_1_260' title='bbox 325 1953 538 1996; x_wconf 87' lang='lat' dir='ltr'>Michahel</span> <span class='ocrx_word' id='word_1_261' title='bbox 574 1955 647 2011; x_wconf 90' lang='lat' dir='ltr'>qui</span> <span class='ocrx_word' id='word_1_262' title='bbox 686 1962 788 1998; x_wconf 85' lang='lat' dir='ltr'>tunc</span> <span class='ocrx_word' id='word_1_263' title='bbox 825 1958 1029 2012; x_wconf 87' lang='lat' dir='ltr'>temporis</span> <span class='ocrx_word' id='word_1_264' title='bbox 1066 1964 1175 2010; x_wconf 84' lang='lat' dir='ltr'>erat,</span> <span class='ocrx_word' id='word_1_265' title='bbox 1216 1971 1314 1999; x_wconf 92' lang='lat' dir='ltr'>cum</span> <span class='ocrx_word' id='word_1_266' title='bbox 1351 1958 1551 2001; x_wconf 86' lang='lat' dir='ltr'>orationis</span> <span class='ocrx_word' id='word_1_267' title='bbox 1588 1957 1730 2014; x_wconf 85' lang='lat' dir='ltr'>gratia</span> <span class='ocrx_word' id='word_1_268' title='bbox 1774 1974 1832 1993; x_wconf 67' lang='lat' dir='ltr'>re·</span> 
     </span>
     <span class='ocr_line' id='line_1_37' title="bbox 324 2011 1773 2082; baseline 0.004 -31"><span class='ocrx_word' id='word_1_269' title='bbox 324 2011 629 2052; x_wconf 86' lang='lat' dir='ltr'>monasterium</span> <span class='ocrx_word' id='word_1_270' title='bbox 658 2011 786 2065; x_wconf 85' lang='lat' dir='ltr'>istud,</span> <span class='ocrx_word' id='word_1_271' title='bbox 816 2013 861 2053; x_wconf 88' lang='lat' dir='ltr'>in</span> <span class='ocrx_word' id='word_1_272' title='bbox 890 2026 973 2069; x_wconf 91' lang='lat' dir='ltr'>quo</span> <span class='ocrx_word' id='word_1_273' title='bbox 994 2012 1063 2054; x_wconf 90' lang='lat' dir='ltr'>hic</span> <span class='ocrx_word' id='word_1_274' title='bbox 1083 2012 1364 2067; x_wconf 87' lang='lat' dir='ltr'>ministrabat,</span> <span class='ocrx_word' id='word_1_275' title='bbox 1395 2013 1684 2082; x_wconf 61' lang='lat' dir='ltr'>descenderet,</span> <span class='ocrx_word' id='word_1_276' title='bbox 1711 2009 1833 2056; x_wconf 84' lang='lat' dir='ltr'>vi</span> 
     </span>
     <span class='ocr_line' id='line_1_38' title="bbox 111 2063 1828 2126; baseline 0.003 -18"><span class='ocrx_word' id='word_1_277' title='bbox 111 2072 138 2109; x_wconf 84' lang='lat'>·)</span> <span class='ocrx_word' id='word_1_278' title='bbox 153 2063 436 2107; x_wconf 66' lang='lat' dir='ltr'>am0u1u2.hunc</span> <span class='ocrx_word' id='word_1_279' title='bbox 464 2065 600 2108; x_wconf 86' lang='lat' dir='ltr'>forma</span> <span class='ocrx_word' id='word_1_280' title='bbox 619 2073 762 2123; x_wconf 89' lang='lat' dir='ltr'>preter</span> <span class='ocrx_word' id='word_1_281' title='bbox 780 2074 944 2124; x_wconf 71' lang='lat' dir='ltr'>ceteros</span> <span class='ocrx_word' id='word_1_282' title='bbox 964 2069 1149 2125; x_wconf 87' lang='lat' dir='ltr'>egregia,</span> <span class='ocrx_word' id='word_1_283' title='bbox 1170 2069 1440 2126; x_wconf 87' lang='lat' dir='ltr'>accitumque</span> <span class='ocrx_word' id='word_1_284' title='bbox 1458 2072 1559 2113; x_wconf 64' lang='lat' dir='ltr'>tow*</span> <span class='ocrx_word' id='word_1_285' title='bbox 1582 2083 1773 2124; x_wconf 74' lang='grc' dir='ltr'><strong>ηγουμεν</strong></span> <span class='ocrx_word' id='word_1_286' title='bbox 1804 2089 1828 2104; x_wconf 57' lang='lat' dir='ltr'><em>r</em></span> 
     </span>
     <span class='ocr_line' id='line_1_39' title="bbox 324 2107 1834 2180; baseline 0.005 -19"><span class='ocrx_word' id='word_1_287' title='bbox 324 2125 398 2162; x_wconf 89' lang='lat' dir='ltr'>ton</span> <span class='ocrx_word' id='word_1_288' title='bbox 426 2121 671 2178; x_wconf 75' lang='lat' dir='ltr'>igumenon,</span> <span class='ocrx_word' id='word_1_289' title='bbox 714 2122 936 2178; x_wconf 86' lang='lat' dir='ltr'>abbatem,</span> <span class='ocrx_word' id='word_1_290' title='bbox 975 2125 1153 2180; x_wconf 86' lang='lat' dir='ltr'>rogavit,</span> <span class='ocrx_word' id='word_1_291' title='bbox 1189 2131 1238 2167; x_wconf 92' lang='lat' dir='ltr'>ut</span> <span class='ocrx_word' id='word_1_292' title='bbox 1266 2140 1311 2167; x_wconf 87' lang='lat' dir='ltr'>se</span> <span class='ocrx_word' id='word_1_293' title='bbox 1341 2125 1518 2168; x_wconf 88' lang='lat' dir='ltr'>donaret</span> <span class='ocrx_word' id='word_1_294' title='bbox 1550 2125 1635 2168; x_wconf 91' lang='lat' dir='ltr'>hoc</span> <span class='ocrx_word' id='word_1_295' title='bbox 1694 2138 1798 2168; x_wconf 84' lang='lat' dir='ltr'>uero</span> <span class='ocrx_word' id='word_1_296' title='bbox 1828 2107 1834 2158; x_wconf 71' lang='lat' dir='ltr'>l</span> 
     </span>
     <span class='ocr_line' id='line_1_40' title="bbox 324 2178 1814 2273; baseline 0.004 -55"><span class='ocrx_word' id='word_1_297' title='bbox 324 2190 454 2273; x_wconf 48' lang='lat' dir='ltr'>ffuem</span> <span class='ocrx_word' id='word_1_298' title='bbox 502 2178 761 2235; x_wconf 86' lang='lat' dir='ltr'>susscipiens</span> <span class='ocrx_word' id='word_1_299' title='bbox 809 2179 854 2220; x_wconf 92' lang='lat' dir='ltr'>in</span> <span class='ocrx_word' id='word_1_300' title='bbox 898 2178 1069 2235; x_wconf 82' lang='lat' dir='ltr'>palatiO,</span> <span class='ocrx_word' id='word_1_301' title='bbox 1119 2179 1370 2223; x_wconf 85' lang='lat' dir='ltr'>cubicularii</span> <span class='ocrx_word' id='word_1_302' title='bbox 1415 2181 1591 2224; x_wconf 82' lang='lat' dir='ltr'>donavit</span> <span class='ocrx_word' id='word_1_303' title='bbox 1632 2195 1659 2223; x_wconf 92' lang='grc' dir='ltr'>ο</span> <span class='ocrx_word' id='word_1_304' title='bbox 1706 2180 1776 2224; x_wconf 82' lang='lat' dir='ltr'>cio</span> <span class='ocrx_word' id='word_1_305' title='bbox 1812 2192 1814 2195; x_wconf 79' lang='grc'>’</span> 
     </span>
     <span class='ocr_line' id='line_1_41' title="bbox 363 2232 1756 2292; baseline 0.005 -18"><span class='ocrx_word' id='word_1_306' title='bbox 363 2237 461 2274; x_wconf 88' lang='lat' dir='ltr'>ante</span> <span class='ocrx_word' id='word_1_307' title='bbox 494 2232 679 2290; x_wconf 87' lang='lat' dir='ltr'>denique</span> <span class='ocrx_word' id='word_1_308' title='bbox 716 2241 813 2290; x_wconf 87' lang='lat' dir='ltr'>post</span> <span class='ocrx_word' id='word_1_309' title='bbox 848 2234 1066 2291; x_wconf 83' lang='lat' dir='ltr'>paululum</span> <span class='ocrx_word' id='word_1_310' title='bbox 1104 2237 1327 2292; x_wconf 89' lang='lat' dir='ltr'>potestatis</span> <span class='ocrx_word' id='word_1_311' title='bbox 1364 2243 1428 2280; x_wconf 90' lang='lat' dir='ltr'>est</span> <span class='ocrx_word' id='word_1_312' title='bbox 1454 2237 1605 2291; x_wconf 69' lang='lat' dir='ltr'>factum,</span> <span class='ocrx_word' id='word_1_313' title='bbox 1640 2242 1688 2280; x_wconf 86' lang='lat' dir='ltr'>ut</span> <span class='ocrx_word' id='word_1_314' title='bbox 1713 2234 1756 2279; x_wconf 74' lang='lat' dir='ltr'>al</span> 
     </span>
     <span class='ocr_line' id='line_1_42' title="bbox 324 2287 1229 2347; baseline 0.005 -18"><span class='ocrx_word' id='word_1_315' title='bbox 324 2287 379 2330; x_wconf 88' lang='lat' dir='ltr'>ab</span> <span class='ocrx_word' id='word_1_316' title='bbox 410 2287 608 2330; x_wconf 88' lang='lat' dir='ltr'>omnibus</span> <span class='ocrx_word' id='word_1_317' title='bbox 637 2289 868 2346; x_wconf 88' lang='lat' dir='ltr'>imperator</span> <span class='ocrx_word' id='word_1_318' title='bbox 896 2291 951 2334; x_wconf 87' lang='lat' dir='ltr'>sit</span> <span class='ocrx_word' id='word_1_319' title='bbox 979 2290 1185 2347; x_wconf 88' lang='lat' dir='ltr'>apellatus</span> <span class='ocrx_word' id='word_1_320' title='bbox 1198 2298 1229 2334; x_wconf 82' lang='lat'>⁸.</span> 
     </span>
     <span class='ocr_line' id='line_1_43' title="bbox 436 2342 1831 2405; baseline 0.004 -21"><span class='ocrx_word' id='word_1_321' title='bbox 436 2342 476 2385; x_wconf 88' lang='lat'>9.</span> <span class='ocrx_word' id='word_1_322' title='bbox 520 2343 683 2386; x_wconf 90' lang='lat' dir='ltr'>Verum</span> <span class='ocrx_word' id='word_1_323' title='bbox 714 2345 815 2401; x_wconf 81' lang='lat' dir='ltr'>quia</span> <span class='ocrx_word' id='word_1_324' title='bbox 844 2347 1112 2403; x_wconf 89' lang='lat' dir='ltr'>omnipotens</span> <span class='ocrx_word' id='word_1_325' title='bbox 1132 2347 1238 2390; x_wconf 88' lang='lat' dir='ltr'>deus</span> <span class='ocrx_word' id='word_1_326' title='bbox 1258 2362 1402 2390; x_wconf 85' lang='lat' dir='ltr'>servos</span> <span class='ocrx_word' id='word_1_327' title='bbox 1424 2362 1524 2391; x_wconf 89' lang='lat' dir='ltr'>suos</span> <span class='ocrx_word' id='word_1_328' title='bbox 1544 2348 1657 2392; x_wconf 80' lang='lat' dir='ltr'>iusta</span> <span class='ocrx_word' id='word_1_329' title='bbox 1674 2346 1788 2391; x_wconf 82' lang='lat' dir='ltr'>visi·-</span> <span class='ocrx_word' id='word_1_330' title='bbox 1802 2346 1810 2405; x_wconf 14' lang='lat' dir='ltr'>*V</span> <span class='ocrx_word' id='word_1_331' title='bbox 1828 2370 1831 2382; x_wconf 91' lang='lat'>·</span> 
     </span>
    </p>
   </div>
   <div class='ocr_carea' id='block_1_4' title="bbox 1725 1615 1838 3210">
    <p class='ocr_par' dir='ltr' id='par_1_4' title="bbox 1725 1615 1838 3210">
     <span class='ocr_line' id='line_1_44' title="bbox 1798 1615 1838 1655; baseline 0 1555"><span class='ocrx_word' id='word_1_332' title='bbox 1798 1615 1838 1655; x_wconf 95' lang='lat' dir='ltr'> </span> 
     </span>
     <span class='ocr_line' id='line_1_45' title="bbox 1761 1655 1838 1710; baseline 0 1500"><span class='ocrx_word' id='word_1_333' title='bbox 1761 1655 1838 1710; x_wconf 95' lang='lat' dir='ltr'> </span> 
     </span>
     <span class='ocr_line' id='line_1_46' title="bbox 1748 1710 1838 1891; baseline 0 -141"><span class='ocrx_word' id='word_1_334' title='bbox 1748 1710 1838 1891; x_wconf 95' lang='lat' dir='ltr'>    </span> 
     </span>
     <span class='ocr_line' id='line_1_47' title="bbox 1758 2032 1838 2183; baseline 0 -26"><span class='ocrx_word' id='word_1_335' title='bbox 1758 2032 1838 2183; x_wconf 95' lang='lat' dir='ltr'>          </span> 
     </span>
     <span class='ocr_line' id='line_1_48' title="bbox 1758 2183 1838 2331; baseline 0 -19"><span class='ocrx_word' id='word_1_336' title='bbox 1758 2183 1838 2331; x_wconf 95' lang='lat' dir='ltr'>    </span> 
     </span>
     <span class='ocr_line' id='line_1_49' title="bbox 1725 2602 1838 2792; baseline 0 -48"><span class='ocrx_word' id='word_1_337' title='bbox 1725 2602 1838 2792; x_wconf 95' lang='lat' dir='ltr'>   </span> 
     </span>
     <span class='ocr_line' id='line_1_50' title="bbox 1760 2792 1838 3210; baseline 0 0"><span class='ocrx_word' id='word_1_338' title='bbox 1760 2792 1838 3210; x_wconf 95' lang='lat' dir='ltr'>  </span> 
     </span>
    </p>
   </div>
   <div class='ocr_carea' id='block_1_5' title="bbox 326 2492 1544 2532">
    <p class='ocr_par' dir='ltr' id='par_1_5' title="bbox 326 2492 1544 2532">
     <span class='ocr_line' id='line_1_51' title="bbox 326 2492 1544 2532; baseline 0.004 -12"><span class='ocrx_word' id='word_1_339' title='bbox 326 2492 357 2526; x_wconf 74' lang='lat' dir='ltr'>a)</span> <span class='ocrx_word' id='word_1_340' title='bbox 379 2494 398 2520; x_wconf 78' lang='lat' dir='ltr'>f.</span> <span class='ocrx_word' id='word_1_341' title='bbox 421 2496 443 2520; x_wconf 78' lang='lat' dir='ltr'>t.</span> <span class='ocrx_word' id='word_1_342' title='bbox 466 2501 545 2520; x_wconf 74' lang='lat' dir='ltr'>vacce</span> <span class='ocrx_word' id='word_1_343' title='bbox 565 2494 744 2521; x_wconf 67' lang='lat' dir='ltr'>cohaerentes</span> <span class='ocrx_word' id='word_1_344' title='bbox 764 2495 795 2521; x_wconf 78' lang='lat' dir='ltr'>in</span> <span class='ocrx_word' id='word_1_345' title='bbox 820 2497 847 2523; x_wconf 90' lang='lat'>1.</span> <span class='ocrx_word' id='word_1_346' title='bbox 868 2503 918 2522; x_wconf 79' lang='lat' dir='ltr'>nec</span> <span class='ocrx_word' id='word_1_347' title='bbox 939 2497 1166 2529; x_wconf 71' lang='lat' dir='ltr'>distinquenaae.</span> <span class='ocrx_word' id='word_1_348' title='bbox 1248 2498 1279 2531; x_wconf 88' lang='lat' dir='ltr'>b)</span> <span class='ocrx_word' id='word_1_349' title='bbox 1302 2499 1496 2532; x_wconf 77' lang='lat' dir='ltr'>principatur</span> <span class='ocrx_word' id='word_1_350' title='bbox 1516 2500 1544 2526; x_wconf 85' lang='lat'>1.</span> 
     </span>
    </p>
   </div>
   <div class='ocr_carea' id='block_1_6' title="bbox 324 2623 1811 2819">
    <p class='ocr_par' dir='ltr' id='par_1_6' title="bbox 324 2623 1825 2819">
     <span class='ocr_line' id='line_1_52' title="bbox 328 2623 1804 2665; baseline 0.005 -9"><span class='ocrx_word' id='word_1_351' title='bbox 328 2623 365 2665; x_wconf 86' lang='lat'>1)</span> <span class='ocrx_word' id='word_1_352' title='bbox 392 2625 460 2665; x_wconf 91' lang='lat'>111,</span> <span class='ocrx_word' id='word_1_353' title='bbox 487 2625 575 2658; x_wconf 83' lang='lat' dir='ltr'>obiit</span> <span class='ocrx_word' id='word_1_354' title='bbox 599 2635 634 2660; x_wconf 82' lang='lat' dir='ltr'>a.</span> <span class='ocrx_word' id='word_1_355' title='bbox 661 2624 732 2657; x_wconf 90' lang='lat'>888</span> <span class='ocrx_word' id='word_1_356' title='bbox 767 2625 826 2659; x_wconf 82' lang='lat' dir='ltr'>die</span> <span class='ocrx_word' id='word_1_357' title='bbox 864 2626 921 2659; x_wconf 88' lang='lat'>13.</span> <span class='ocrx_word' id='word_1_358' title='bbox 948 2626 1116 2660; x_wconf 79' lang='lat' dir='ltr'>Ianuarii.</span> <span class='ocrx_word' id='word_1_359' title='bbox 1168 2627 1317 2662; x_wconf 85' lang='lat' dir='ltr'>Carolus</span> <span class='ocrx_word' id='word_1_360' title='bbox 1351 2627 1485 2662; x_wconf 81' lang='lat' dir='ltr'>Calvus</span> <span class='ocrx_word' id='word_1_361' title='bbox 1516 2629 1590 2663; x_wconf 78' lang='lat' dir='ltr'>iam</span> <span class='ocrx_word' id='word_1_362' title='bbox 1622 2639 1716 2663; x_wconf 81' lang='lat' dir='ltr'>anno</span> <span class='ocrx_word' id='word_1_363' title='bbox 1745 2627 1768 2662; x_wconf 85' lang='lat'>8</span> <span class='ocrx_word' id='word_1_364' title='bbox 1802 2641 1804 2643; x_wconf 85' lang='lat'>·</span> 
     </span>
     <span class='ocr_line' id='line_1_53' title="bbox 325 2671 1807 2724; baseline 0.005 -19"><span class='ocrx_word' id='word_1_365' title='bbox 325 2672 477 2707; x_wconf 83' lang='lat' dir='ltr'>obierat.</span> <span class='ocrx_word' id='word_1_366' title='bbox 611 2671 651 2716; x_wconf 84' lang='lat'>2)</span> <span class='ocrx_word' id='word_1_367' title='bbox 678 2673 882 2708; x_wconf 78' lang='lat' dir='ltr'>Secundum</span> <span class='ocrx_word' id='word_1_368' title='bbox 908 2685 1025 2708; x_wconf 86' lang='lat' dir='ltr'>rerum</span> <span class='ocrx_word' id='word_1_369' title='bbox 1050 2676 1328 2718; x_wconf 73' lang='lat' dir='ltr'>Byzantium-um</span> <span class='ocrx_word' id='word_1_370' title='bbox 1354 2679 1548 2721; x_wconf 71' lang='lat' dir='ltr'>scriptores</span> <span class='ocrx_word' id='word_1_371' title='bbox 1571 2688 1644 2712; x_wconf 82' lang='lat' dir='ltr'>non</span> <span class='ocrx_word' id='word_1_372' title='bbox 1667 2677 1714 2712; x_wconf 70' lang='lat' dir='ltr'>ab</span> <span class='ocrx_word' id='word_1_373' title='bbox 1762 2694 1767 2706; x_wconf 75' lang='grc' dir='ltr'><strong><em>ι</em></strong></span> <span class='ocrx_word' id='word_1_374' title='bbox 1803 2694 1807 2724; x_wconf 75' lang='lat' dir='ltr'><em>g</em></span> 
     </span>
     <span class='ocr_line' id='line_1_54' title="bbox 326 2720 1738 2772; baseline 0.004 -18"><span class='ocrx_word' id='word_1_375' title='bbox 326 2720 470 2764; x_wconf 83' lang='lat' dir='ltr'>quidem</span> <span class='ocrx_word' id='word_1_376' title='bbox 495 2721 721 2765; x_wconf 84' lang='lat' dir='ltr'>imperatore,</span> <span class='ocrx_word' id='word_1_377' title='bbox 747 2721 812 2756; x_wconf 86' lang='lat' dir='ltr'>sed</span> <span class='ocrx_word' id='word_1_378' title='bbox 837 2733 859 2755; x_wconf 84' lang='lat' dir='ltr'>a</span> <span class='ocrx_word' id='word_1_379' title='bbox 885 2723 1095 2757; x_wconf 83' lang='lat' dir='ltr'>consobrino</span> <span class='ocrx_word' id='word_1_380' title='bbox 1131 2725 1206 2758; x_wconf 84' lang='lat' dir='ltr'>eius</span> <span class='ocrx_word' id='word_1_381' title='bbox 1230 2725 1481 2770; x_wconf 74' lang='lat' dir='ltr'>Theophilitza</span> <span class='ocrx_word' id='word_1_382' title='bbox 1513 2730 1591 2759; x_wconf 86' lang='lat' dir='ltr'>tum</span> <span class='ocrx_word' id='word_1_383' title='bbox 1622 2726 1738 2772; x_wconf 62' lang='lat' dir='ltr'>proto</span> 
     </span>
     <span class='ocr_line' id='line_1_55' title="bbox 324 2769 1811 2819; baseline 0.004 -17"><span class='ocrx_word' id='word_1_384' title='bbox 324 2769 412 2802; x_wconf 81' lang='lat' dir='ltr'>toris</span> <span class='ocrx_word' id='word_1_385' title='bbox 438 2769 612 2813; x_wconf 74' lang='lat' dir='ltr'>dignitate</span> <span class='ocrx_word' id='word_1_386' title='bbox 638 2774 762 2804; x_wconf 86' lang='lat' dir='ltr'>ornato</span> <span class='ocrx_word' id='word_1_387' title='bbox 787 2771 943 2805; x_wconf 84' lang='lat' dir='ltr'>Basilius</span> <span class='ocrx_word' id='word_1_388' title='bbox 970 2782 1014 2805; x_wconf 87' lang='lat' dir='ltr'>ex</span> <span class='ocrx_word' id='word_1_389' title='bbox 1039 2774 1253 2807; x_wconf 79' lang='lat' dir='ltr'>monasterio</span> <span class='ocrx_word' id='word_1_390' title='bbox 1278 2775 1317 2807; x_wconf 85' lang='lat' dir='ltr'>in</span> <span class='ocrx_word' id='word_1_391' title='bbox 1351 2773 1469 2808; x_wconf 81' lang='lat' dir='ltr'>aulam</span> <span class='ocrx_word' id='word_1_392' title='bbox 1501 2775 1725 2819; x_wconf 73' lang='lat' dir='ltr'>imperatoris</span> <span class='ocrx_word' id='word_1_393' title='bbox 1758 2800 1760 2802; x_wconf 77' lang='grc'>.</span> <span class='ocrx_word' id='word_1_394' title='bbox 1783 2775 1811 2803; x_wconf 79' lang='lat'>·²&#39;.</span> 
     </span>
    </p>
   </div>
   <div class='ocr_carea' id='block_1_7' title="bbox 325 2817 1827 2901">
    <p class='ocr_par' dir='ltr' id='par_1_7' title="bbox 325 2817 1827 2901">
     <span class='ocr_line' id='line_1_56' title="bbox 325 2817 1827 2901; baseline 0.005 -51"><span class='ocrx_word' id='word_1_395' title='bbox 325 2818 437 2851; x_wconf 72' lang='lat' dir='ltr'>scitus</span> <span class='ocrx_word' id='word_1_396' title='bbox 457 2817 538 2901; x_wconf 53' lang='lat' dir='ltr'>alit.</span> <span class='ocrx_word' id='word_1_397' title='bbox 561 2870 595 2901; x_wconf 55' lang='lat' dir='ltr'>St</span> <span class='ocrx_word' id='word_1_398' title='bbox 613 2817 652 2861; x_wconf 88' lang='grc'>3)</span> <span class='ocrx_word' id='word_1_399' title='bbox 679 2829 711 2852; x_wconf 81' lang='lat' dir='ltr'>a.</span> <span class='ocrx_word' id='word_1_400' title='bbox 730 2818 802 2851; x_wconf 87' lang='grc'>866</span> <span class='ocrx_word' id='word_1_401' title='bbox 829 2819 888 2854; x_wconf 79' lang='lat' dir='ltr'>die</span> <span class='ocrx_word' id='word_1_402' title='bbox 906 2819 964 2853; x_wconf 76' lang='lat'>26.</span> <span class='ocrx_word' id='word_1_403' title='bbox 982 2819 1071 2854; x_wconf 78' lang='lat' dir='ltr'>Maii</span> <span class='ocrx_word' id='word_1_404' title='bbox 1096 2823 1226 2856; x_wconf 84' lang='lat' dir='ltr'>mensis</span> <span class='ocrx_word' id='word_1_405' title='bbox 1251 2822 1431 2856; x_wconf 79' lang='lat' dir='ltr'>Michaele</span> <span class='ocrx_word' id='word_1_406' title='bbox 1458 2823 1600 2867; x_wconf 73' lang='lat' dir='ltr'>collega</span> <span class='ocrx_word' id='word_1_407' title='bbox 1623 2824 1760 2868; x_wconf 73' lang='lat' dir='ltr'>impera</span> <span class='ocrx_word' id='word_1_408' title='bbox 1785 2840 1788 2848; x_wconf 55' lang='grc' dir='ltr'>ν</span> <span class='ocrx_word' id='word_1_409' title='bbox 1824 2851 1827 2863; x_wconf 66' lang='grc'>,,</span> 
     </span>
     <span class='ocr_line' id='line_1_57' title="bbox 327 2875 606 2900; baseline 0.007 -2"><span class='ocrx_word' id='word_1_410' title='bbox 327 2875 458 2900; x_wconf 74' lang='lat' dir='ltr'>corona</span> <span class='ocrx_word' id='word_1_411' title='bbox 540 2877 560 2900; x_wconf 82' lang='lat' dir='ltr'>e</span> <span class='ocrx_word' id='word_1_412' title='bbox 596 2890 606 2900; x_wconf 91' lang='lat'>.</span> 
     </span>
    </p>
   </div>
  </div>
 </body>
</html>
