1838 3210
334 219 379 253 88

529 216 828 252 LIUDPRANDI
855 213 1200 249 ANTAPODOSIS.
1252 212 1347 247 LIB.
1377 212 1426 246 11·
1477 211 1634 246 24-26.

154 343 318 371 sis-9⁸2.
334 330 457 373 novis
487 329 547 371 uti
577 326 742 385 legibus
772 327 904 383 cupit.
954 326 1101 381 Uopiis
1130 324 1261 380 igitur
1288 322 1479 366 collectis
1506 337 1594 367 non
1622 322 1835 389 minimis,

334 384 632 438 ascendamus3
662 389 998 438 scrutemurque,
1028 380 1172 423 debita
1200 386 1343 421 utrum
1372 393 1451 422 rex
1469 379 1701 423 Heinricus
1719 376 1825 431 veht

334 442 494 485 tributa
523 438 763 497 persolvere
776 446 804 478 ¹.
862 435 990 489 Quod
1019 437 1055 478 si
1084 449 1182 488 non,
1212 442 1261 477 ut
1290 434 1517 490 credimus,
1545 434 1720 493 regibus
1738 433 1824 477 dis-

333 498 461 540 sentit
489 511 514 538 a
543 495 705 548 ceteris,
743 508 787 535 re
849 507 921 534 um
961 492 1051 534 eius
1089 490 1193 533 cede
1233 497 1361 547 atque
1398 491 1601 534 inmensis
1634 489 1825 556 depopu-

331 552 467 595 letur·
495 550 714 593 incendiis.
815 562 869 590 on
898 547 1221 603 Bagoariorum,
1253 545 1330 589 sed
1359 545 1596 599 Saxonum,
1633 545 1710 590 ubl
1744 559 1824 590 rex

331 610 422 665 ipse
466 615 542 660 cst,
584 606 722 663 primo
765 604 869 646 fines
913 617 1192 659 occupemus3
1234 609 1293 656 ut,
1338 602 1374 644 si
1417 602 1526 646 forte
1582 601 1700 660 quod
1735 615 1825 669 non

331 677 564 720 speramus,
595 674 852 726 congregare
882 659 1119 702 exercitum
1149 656 1263 712 velit,
1293 673 1433 715 neque
1453 658 1507 702 de
1566 665 1612 702 ot
1824 673 1835 722 >2

1641 671 1762 768 mg
1789 671 1826 758 ἐξ

331 734 469 776 neque
498 719 551 761 de
580 718 777 770 Franc1a,
807 730 946 772 neque
976 714 1029 757 de
1062 714 1232 767 Suevia,
1261 728 1401 771 neque
1437 714 1491 758 de
1520 713 1640 780 Bago

331 782 495 816 mature
526 773 775 816 occurrereb
836 771 951 814 ossit.
997 770 1083 812 Sed
1110 777 1154 812 et
1174 769 1395 812 Saxonum
1415 784 1468 813 ac
1487 769 1825 827 Tunngiorum⁶

331 838 441 873 terra
470 829 592 871 facile
623 828 675 871 de
710 842 763 884 op
812 835 919 880 atur,
959 840 1068 883 quae
1103 840 1182 868 nec
1222 824 1440 868 montibus
1468 824 1617 870 adiuta
1643 839 1726 870 nec
1752 824 1824 868 fir·

330 885 529 927 missimis
559 885 658 940 oppi
692 885 725 925 is
755 890 820 926 est
847 883 1035 926 munita'.

250 954 317 983 ⁹8³.
442 941 508 982 25.
553 940 646 983 Rex
676 939 906 981 Heinricus
935 938 1191 994 gravissima
1219 936 1463 981 valetudine
1491 937 1708 981 detinetur
1718 944 1748 991 ¹,
1779 941 1838 983 et<

331 996 649 1061 Hungariorum
678 996 717 1037 ei
746 994 954 1036 adventus
984 994 1179 1050 proxime
1204 994 1437 1036 nuntiatur.
1494 993 1584 1036 Vix
1612 992 1834 1038 finetenus

330 1052 560 1094 nunt1antis
574 1052 592 1078 ‘¹
622 1049 753 1093 verba
781 1049 987 1103 audierat,
1017 1064 1116 1091 cum
1147 1049 1319 1092 directis
1347 1064 1425 1106 per
1454 1048 1688 1092 Saxoniam
1715 1062 1826 1109 nunss

330 1108 413 1161 tiis,
442 1114 540 1164 post
567 1106 840 1164 quatriduum
901 1112 1083 1162 uotquot
1117 1112 1285 1162 poterat
1322 1103 1495 1162 capitali
1532 1104 1743 1149 sententia
1775 1119 1827 1154 so·

330 1162 447 1205 adire
478 1161 758 1205 commendat.
814 1120 899 1204 Va‘i
1007 1162 1015 1170 ‘

331 1226 506 1275 gregato
551 1218 755 1271 exercitu,
802 1244 854 1249 —
899 1225 963 1259 est
1007 1218 1118 1259 enim
1165 1216 1387 1259 Saxonum
1430 1224 1552 1260 mos⁰
1581 1215 1823 1260 laudandus

330 1281 458 1331 atque
494 1273 781 1326 immitandus,
822 1274 1020 1330 quatinus
1055 1287 1214 1315 annum
1253 1280 1352 1330 post
1389 1288 1523 1316 unum
1560 1279 1690 1331 atque
1718 1271 1825 1320 du0÷

331 1329 546 1371 decimum
562 1330 719 1371 nemini
734 1327 917 1371 militum
932 1327 1044 1371 bello
1060 1328 1208 1371 deesse
1223 1330 1443 1385 contingat
1459 1355 1518 1362 —
1530 1329 1612 1373 etsi
1630 1329 1824 1386 corpori:

330 1384 542 1427 invalidus
566 1385 739 1438 viribus,
771 1386 925 1428 mentis
944 1392 1088 1427 tamen
1107 1385 1259 1450 vigore
1281 1386 1507 1440 animatus,
1535 1391 1666 1443 prout
1687 1383 1758 1428 val
1790 1385 1821 1443 Ἀ

330 1455 514 1497 aequum
545 1440 804 1494 conscendit,
845 1447 972 1497 atque
1010 1439 1197 1484 collectis
1236 1442 1281 1482 in
1317 1455 1453 1483 unum
1487 1441 1639 1500 copiis,
1675 1439 1824 1491 huiufle

330 1496 446 1538 modi
475 1511 546 1539 eas
574 1496 716 1539 verbis
745 1497 800 1538 ad
828 1497 1048 1553 pugnandi
1077 1497 1239 1539 rabiem
1270 1497 1451 1540 exitavit
1462 1504 1498 1539 ³:
1803 1501 1814 1511 ²·

386 1552 454 1594 26.
498 1551 662 1594 ‘Inclita
691 1551 912 1594 Saxonum
1093 1551 1188 1595 Ceu
1216 1551 1284 1607 leo
1312 1551 1543 1596 frendens⁴

498 1607 618 1649 Bella
647 1623 725 1664 per
753 1609 975 1650 innumera
1095 1607 1214 1650 Gens
1244 1608 1479 1651 erat-olim.

500 1663 672 1706 Restitit
700 1663 778 1706 hec
807 1663 968 1705 Karolo
1093 1664 1208 1706 Ense
1237 1672 1427 1719 cruento,

499 1718 586 1771 Qui
615 1718 787 1761 sibimet
814 1726 951 1762 totum
1094 1719 1313 1762 Straverat
1337 1719 1531 1775 orbem‘3

420 1785 440 1817 5
500 1774 646 1830 Fugiit
673 1774 743 1817 hic
771 1775 911 1817 victus
1092 1775 1245 1818 Victor
1273 1776 1475 1833 ubique³.

501 1829 628 1882 Quod
658 1830 737 1872 sibi
767 1845 844 1872 nos
873 1831 1041 1873 rediens
1094 1830 1327 1874 Subdiditz
1356 1846 1518 1886 omnes,

499 1885 551 1926 Id
580 1885 741 1927 domini
771 1887 908 1942 pietas
1091 1886 1249 1942 Gessit,
1280 1887 1335 1930 ob
1364 1887 1447 1931 hoc
1477 1885 1595 1945 quod

501 1940 737 1997 Participes
767 1941 904 1984 voluit
1093 1942 1202 1985 Esse
1232 1942 1395 1986 salutis.

499 1995 624 2038 Nunc
655 1997 766 2038 mala
786 1998 1026 2040 Turcorum
1092 1998 1249 2041 Nescia
1278 1998 1438 2042 Christi

393 2060 441 2095 10
501 2051 633 2105 Gens,
663 2052 837 2095 inimica
866 2053 958 2107 deo,
1096 2054 1269 2097 Gaudet
1298 2056 1343 2097 in
1373 2068 1543 2098 omnem

498 2106 693 2150 Eclesiae
723 2108 932 2165 populum
1091 2110 1264 2153 Ducere
1292 2110 1465 2153 ferrum.

497 2163 581 2204 Pro
611 2163 742 2217 dolor,
772 2164 934 2218 heroes,
1093 2166 1214 2208 Heus
1244 2181 1381 2223 mage,
1413 2165 1529 2224 quod
1557 2179 1674 2209 nunc

393 2336 439 2370 15

335 2584 364 2618 a)
394 2587 637 2620 depopopuietur
671 2592 696 2617 1.
789 2591 819 2625 b)
848 2600 992 2620 ccccccccc
1026 2596 1051 2620 1.
1133 2595 1159 2627 c)
1194 2597 1402 2628 turingionnm
1433 2597 1460 2623 1.
1544 2595 1575 2629 d)
1608 2596 1757 2622 nuntiatis
1809 2612 1811 2619 ι

336 2624 366 2656 e)
389 2632 459 2652 mox
483 2628 507 2652 1.
638 2628 660 2661 f)
682 2633 827 2662 sequentia
849 2639 938 2664 usque
960 2634 1067 2659 civitas
1090 2638 1133 2660 est
1157 2636 1275 2661 difficili
1296 2636 1387 2668 eapite
1407 2635 1457 2662 40.
1477 2635 1587 2669 duum,
1607 2635 1714 2662 laeum

333 2663 460 2690 indicata
484 2666 510 2691 3.
592 2667 621 2699 g)
643 2668 803 2695 Subbdidit
827 2672 852 2696 1.
934 2671 966 2703 h)
988 2674 1079 2705 stigis
1103 2675 1129 2699 1.
1150 2674 1257 2706 stigias
1279 2675 1306 2702 5.
1330 2675 1384 2702 5a.
1405 2673 1467 2703 δι’.

337 2753 373 2793 1)
400 2751 455 2785 cf.
480 2763 587 2797 supra
613 2764 642 2787 c.
671 2755 704 2788 5.
834 2756 872 2799 2)
898 2758 1000 2791 Haec
1027 2760 1072 2792 ad
1099 2771 1229 2794 annum
1256 2761 1327 2794 924
1353 2765 1527 2805 spectant,
1552 2761 1598 2796 cf.
1624 2762 1740 2797 modo
1801 2735 1809 2750 .·

333 2800 425 2833 Anu.
451 2800 498 2833 ad
517 2801 555 2835 h.
572 2813 605 2835 a.
678 2800 718 2846 3)
744 2805 768 2837 i.
790 2815 821 2838 e.
843 2807 1025 2841 excitavit.
1101 2808 1142 2852 4)
1161 2809 1214 2843 cf.
1234 2809 1373 2844 Sedulii
1391 2810 1507 2844 Carm-
1524 2811 1648 2854 pasch.
1666 2811 1717 2851 11,
1737 2813 1781 2845 11
1807 2842 1810 2851 ³

336 2847 374 2890 5)
401 2847 455 2882 cf.
473 2849 667 2884 Thietmari
687 2851 816 2885 Chron.
834 2854 917 2895 VII,
937 2866 967 2890 c.
989 2857 1048 2891 53.
1148 2856 1187 2900 6)
1213 2870 1247 2892 v.
1275 2869 1381 2903 supra
1406 2859 1424 2892 I
1450 2870 1482 2893 c.
1509 2858 1555 2891 26
1581 2870 1616 2894 v.
1641 2861 1676 2894 4.
1788 2863 1807 2880 *⁴

900 1161 1090 1203 idissumo
1128 1161 1261 1217 igitur
1295 1176 1374 1218 per
1403 1161 1684 1219 quatriduum
1722 1174 1824 1205 con-

501 2217 694 2261 Subdere
723 2228 866 2262 nostra
905 2220 1052 2263 volunt
1093 2221 1213 2264 Colla-
1242 2221 1425 2265 tributo!

501 2271 664 2316 Sumite
693 2290 806 2317 nunc
834 2277 1023 2318 animos⁰
1090 2277 1211 2320 More
1235 2277 1368 2320 virili!

498 2327 693 2370 Membra
730 2346 874 2373 secare
903 2346 1055 2388 precor
1090 2333 1233 2390 Vique
1262 2333 1408 2376 ferire!
1803 2363 1812 2384 ζ

501 2383 566 2425 Sit
593 2384 711 2427 furor
739 2385 844 2428 heus
873 2387 1038 2441 ardens,
1092 2387 1251 2431 Sancta
1281 2404 1336 2431 cu
1367 2388 1459 2443 id03
1792 2386 1813 2439 ἶ

500 2438 593 2480 Hec
625 2439 809 2496 Stigiash
838 2442 1021 2485 referant
1089 2444 1267 2486 Munera
1295 2459 1321 2486 a
1380 2443 1530 2496 undas,

501 2493 559 2535 Et
587 2494 745 2538 calidos
775 2506 998 2540 numerent
1089 2500 1194 2555 Igne
1233 2501 1440 2543 trientes'!
