1838 3210
466 237 771 272 LIUDPRANDI
797 236 1025 271 LEGATIO.
1077 236 1235 270 61-62.
1535 238 1602 270 163

108 350 221 404 dico,
248 363 335 393 non
363 356 429 393 est
455 349 643 393 adulatio
671 348 792 400 haec,
828 362 907 391 nec
941 362 1102 391 consuo
1140 363 1253 390 nunc
1318 347 1485 391 ulvillos
1520 349 1600 392 sub
1616 371 1684 399 9⁶3,

43 434 57 451 ,ι
109 406 255 450 cubito
283 420 454 461 manus3
483 420 563 460 res,
596 406 787 462 inquam,
821 418 926 447 vera
960 412 1036 447 est.
1100 404 1206 447 Post
1234 403 1279 446 bi
1311 419 1414 446 uum
1448 405 1601 448 vestris
1614 423 1726 450 nmen.

42 473 46 478 ’
107 462 270 506 meritis
311 466 430 505 tanta
471 469 536 505 est
576 460 732 504 fretum
774 469 868 504 tran
900 459 1077 503 uillitate
1121 459 1329 515 sedatum,
1373 466 1433 514 ut,
1478 462 1731 529 cum233‘18·

106 524 262 567 nautae
290 517 414 561 nobis
448 517 714 574 aufugerent,
749 517 831 573 ipsi
899 523 1077 559 eucaten
1113 531 1251 573 usque
1285 516 1598 572 navigaremus,
1644 509 1688 528 ‘³⁰'

106 573 342 618 miliaribus
377 572 541 616 scilicet
579 582 750 616 centum
786 580 828 615 et
862 572 1163 630 quadraginta,
1198 571 1304 614 nihil
1341 571 1599 615 discriminis

105 636 181 673 aut
199 630 395 673 tristitiae
414 630 636 687 patientes,
655 629 738 671 nisi
788 642 909 671 arum
928 629 973 670 in
987 627 1182 670 faucibus
1196 627 1383 670 fluminis
1397 627 1599 682 Acheloi3

105 686 180 729 ubi
209 685 495 729 discurrentes
523 683 727 728 velociter
784 692 910 727 uctus
940 685 1032 727 eius
1061 686 1191 726 maris
1211 684 1327 726 unda
1345 683 1599 727 reverberat.

217 754 286 796 62.
345 753 462 808 Quid
490 768 604 810 ergo,
634 758 908 810 prepotentes
937 753 1122 809 augusti,
1151 751 1394 795 retribuetis
1414 752 1599 806 domino,

135 824 183 853 ro
214 808 411 852 omnibus
440 823 548 867 quae
578 809 774 852 retribuit
801 808 846 850 in
874 823 943 852 me
972 808 1123 851 vobis?
1164 808 1319 850 Dicam
1340 807 1458 865 quid.
1501 808 1599 851 Hoc

105 824 212 909 fleus
242 865 345 920 vult,
375 865 457 908 hoc
485 865 608 923 petit3
639 871 681 907 et
709 864 907 922 quamvis
936 864 1026 907 sine
1045 864 1169 907 vobis
1188 863 1270 906 hoc
1290 863 1431 907 facere
1450 865 1599 921 possit,

34 973 36 975 ‚
106 920 199 965 vult
226 929 369 965 tamen
398 921 523 963 huius
552 921 613 964 rei
643 935 734 964 esse
774 920 1007 977 hypurgos,
1047 920 1091 963 id
1130 927 1193 963 est
1231 920 1469 975 ministros3
1506 921 1600 977 ipse

106 978 219 1022 enim
250 977 364 1035 quod
393 978 433 1019 ei
463 977 664 1020 offeratur
691 976 778 1030 dat,
818 975 1005 1019 custodit
1039 975 1155 1033 quod
1194 976 1351 1033 exigat,
1388 982 1437 1018 ut
1463 976 1602 1033 possit

105 1047 310 1077 coronare
342 1032 457 1090 quod
486 1041 659 1089 prestat.
718 1031 939 1076 Advertite
978 1033 1120 1090 igitur,
1161 1046 1333 1089 quaeso.
1390 1031 1599 1089 Nicepho-

34 1122 39 1127 .
105 1104 178 1132 rus
207 1103 305 1132 cum
336 1087 532 1131 omnibus
562 1087 751 1132 ecelesiis
780 1088 906 1130 homo
937 1088 995 1130 sit
1023 1088 1180 1153 impius
1194 1096 1222 1141 ¹,
1260 1086 1408 1142 livore,
1440 1102 1526 1154 quo
1555 1088 1600 1129 in

41 1194 43 1196 ,
106 1160 185 1188 vos
227 1144 429 1198 abundat,
473 1142 940 1200 Constantinopolitano
983 1143 1248 1201 patriarchae
1321 1150 1510 1201 receplt,
1553 1150 1601 1186 ut

36 1246 41 1250 ἧ
104 1201 420 1259 Hydrontinam
470 1200 693 1243 ecclesiam
742 1200 787 1241 in
842 1199 1232 1256 archiepiscopatus
1317 1213 1491 1242 onorem
1539 1198 1599 1241 di-

43 1272 45 1276 ’
103 1256 232 1311 latet,
279 1271 360 1301 nec
402 1257 620 1314 permittat
661 1256 705 1298 in
750 1256 865 1298 omni
908 1254 1068 1313 Apulia
1111 1270 1187 1299 seu
1229 1253 1430 1298 Calabria
1469 1253 1599 1298 latine

39 1340 42 1341 ν
102 1312 286 1371 amplius
301 1345 313 1367 ,
362 1312 438 1355 sed
486 1326 639 1369 graece
686 1311 834 1354 divina
880 1312 1085 1369 mysteria
1134 1310 1360 1354 celebrare.
1435 1310 1599 1354 Merca-

31 1394 45 1416 ;
101 1376 216 1412 tores
245 1368 350 1412 dicit
375 1367 507 1411 fuisse
537 1368 759 1425 preteritos
788 1381 924 1425 papas
952 1374 995 1410 et
1023 1367 1219 1424 spiritum
1239 1373 1434 1410 sanctum
1453 1366 1599 1410 vendi·

39 1467 40 1470 ,
102 1424 229 1479 disse,
259 1438 343 1482 quo
373 1424 646 1467 vivificantur
674 1431 716 1466 et
746 1431 952 1480 reguntur
986 1423 1142 1478 omnia,
1182 1423 1257 1480 qui
1286 1422 1423 1480 replet
1451 1421 1598 1466 orbem

35 1515 43 1525 ,
101 1489 324 1534 terrarum,
355 1481 430 1538 qui
459 1480 679 1523 scientiam
708 1479 836 1522 habet
863 1480 993 1533 vocis,
1033 1481 1106 1536 qui
1136 1485 1200 1522 est
1228 1493 1328 1521 cum
1367 1478 1449 1522 deo
1477 1484 1599 1536 patre

46 1592 49 1593 ⁷
101 1543 144 1580 et
171 1535 259 1580 filio
290 1537 381 1580 eius
408 1536 507 1579 Iesu
537 1535 707 1579 Christo
736 1543 987 1579 coaeternus
1018 1542 1060 1577 et
1089 1533 1477 1590 consubstantialis,
1507 1534 1598 1577 sine

39 1642 43 1643 ⁷
101 1593 236 1647 initio,
265 1593 357 1636 sine
385 1592 482 1646 fine,
511 1605 764 1650 permanens
794 1605 933 1646 verus,
963 1591 1037 1649 qui
1067 1591 1205 1648 pretio
1230 1604 1316 1633 non
1335 1591 1598 1644 aestimatur,

39 1661 47 1685 .·
102 1648 179 1693 sed
206 1663 233 1691 a
261 1647 431 1691 mundis
461 1648 588 1691 corde
626 1649 732 1691 tanti
772 1647 939 1701 emitur,
978 1647 1126 1704 quanti
1164 1646 1357 1690 habetur.
1417 1647 1599 1712 Scripsit

46 1742 48 1745 ,
101 1705 244 1804 ioqdqe
263 1702 521 1761 Polyeuctos
537 1701 1032 1760 Constantinopolitanus
1046 1702 1307 1759 patriarcha²
1357 1701 1477 1746 rivile
1524 1717 1597 1744 um

48 1799 50 1801 .
100 1758 176 1819 Hy
230 1761 375 1803 ontino
417 1760 631 1817 episcopo,
668 1760 867 1817 quatinus
897 1773 975 1801 sua
1003 1759 1254 1802 auctoritate
1282 1758 1337 1801 ha
1369 1765 1438 1801 eat
1503 1772 1597 1801 cen-

47 1828 49 1830 ·
102 1817 205 1860 tiam
234 1817 458 1882 episcopos
488 1813 766 1859 consecrandi
797 1815 841 1857 in
870 1813 1117 1868 Acirentila,
1153 1814 1352 1870 Turcico,
1393 1814 1596 1869 Gravina,

102 1872 303 1926 Manena,
333 1872 525 1915 Tricario
539 1879 568 1926 ³,
629 1872 673 1913 ui
702 1870 758 1914 ad
788 1871 1150 1914 consecrationem
1181 1869 1343 1913 domini
1373 1869 1596 1927 apostolici

39 1930 47 1966 ἶ
101 1929 311 1986 pertinere
339 1927 550 1971 videntur.
642 1926 696 1970 ed
725 1927 830 1984 quid
858 1926 938 1969 hoc
968 1941 1215 1982 memorem,
1245 1940 1342 1969 cum
1372 1926 1467 1983 ipsa
1487 1925 1598 1970 Con-

102 1983 478 2042 stantinopolitana
519 1982 715 2033 ecclesia,
746 1990 915 2026 nostrae
964 1989 1136 2026 sanctae
1185 1981 1419 2026 catholicae
1467 1988 1596 2040 atque

101 2038 359 2099 apostolicae
388 2039 593 2083 ecclesiae
621 2039 839 2083 Romanae
868 2038 1020 2082 merito
1050 2039 1104 2081 sit
1133 2038 1354 2081 subiecta?
1411 2038 1596 2092 Scimus,

101 2097 234 2140 immo
261 2095 470 2151 videmus,
500 2093 1019 2154 Constantinopolitanum
1056 2109 1079 2137 e
1111 2094 1306 2151 iseopum
1344 2092 1472 2151 pallio
1511 2108 1597 2136 non

103 2153 179 2208 uti,
206 2152 290 2196 nisi
319 2152 455 2196 sancti
483 2152 617 2210 patris
646 2152 779 2194 nostri
837 2150 1029 2194 ermissu.
1121 2164 1240 2192 erum
1271 2164 1370 2192 cum
1399 2150 1597 2206 impiissi-

38 2259 40 2266 Ι
102 2223 198 2252 mus
226 2206 466 2262 Albericus,
496 2222 624 2266 quem
653 2221 738 2250 non
768 2222 788 2250 s
880 2206 955 2250 tim
985 2204 1209 2264 cupiditas,
1248 2205 1323 2249 scd
1361 2205 1479 2249 velut
1514 2211 1597 2248 tor-

103 2279 213 2319 rens,
242 2263 475 2322 implevera
536 2263 772 2307 Romanam
802 2262 1017 2305 civitatem
1047 2262 1129 2305 sibi
1159 2268 1384 2319 usurparet
1395 2263 1424 2317 ⁴,
1462 2260 1596 2304 domi-

41 2347 42 2350 =
102 2335 292 2378 numque
338 2327 489 2378 aposto
508 2320 621 2363 'cum
669 2319 792 2377 quasi
836 2332 1005 2361 servum
1049 2318 1269 2375 proprium
1314 2318 1359 2359 in
1402 2316 1598 2361 conclavi

49 2381 53 2432 j
103 2382 291 2431 teneret,
332 2375 550 2419 Romanus
593 2376 825 2433 imperator
872 2372 1005 2416 filium
1055 2388 1180 2416 suum
1225 2372 1343 2416 Theo
1376 2372 1596 2431 hylactum

50 2446 55 2449 ⁴
104 2432 348 2476 eunuchum
376 2431 659 2490 patriarcham
689 2430 954 2484 constituit⁸3
985 2443 1169 2487 cumque
1199 2443 1295 2472 eum
1316 2429 1355 2471 A
1372 2429 1503 2473 berici
1526 2443 1597 2471 cu-

65 2509 66 2512 *
103 2488 261 2547 piditas
289 2502 375 2531 non
403 2486 563 2542 lateret,
591 2488 732 2530 missis
762 2487 802 2530 ei
832 2485 1080 2529 muneribus
1109 2486 1210 2529 satis
1233 2485 1412 2541 magnis,
1443 2485 1596 2538 effecit,

25 2547 45 2600 ἦ
106 2550 152 2588 ut
180 2557 235 2586 ex
263 2558 403 2603 papae
430 2545 602 2587 nomine
631 2541 952 2600 Theophylacto
982 2540 1247 2599 patriarchae
1276 2540 1440 2584 litterae
1459 2540 1596 2584 mitte-

28 2655 42 2662 ’·
106 2654 136 2686 ι)
158 2658 221 2679 tum
246 2654 276 2678 C,

43 2744 45 2746 ’
110 2742 145 2782 1)
165 2740 221 2775 De
247 2741 375 2775 infesto
401 2741 595 2785 Nicephori
613 2741 648 2774 in
668 2738 840 2774 eeclesias
859 2740 978 2772 animo
997 2738 1043 2771 ef.
1064 2737 1217 2771 Oedi-eni
1236 2737 1425 2770 Historia.
1445 2737 1493 2778 11,
1511 2734 1595 2770 368.

43 2818 57 2831 „
107 2789 146 2831 2)
172 2789 244 2822 9⁶6
268 2789 368 2835 April
393 2790 416 2823 8
441 2807 488 2814 —
515 2789 587 2822 ⁹70
614 2788 752 2823 Ianuar.
830 2788 868 2830 8)
894 2788 1089 2828 Aeerenza,
1114 2785 1231 2827 Turni,
1257 2786 1424 2827 Gravius,
1445 2785 1597 2826 Mateta,

105 2838 297 2873 Tricarico.
372 2838 413 2882 4)
438 2838 644 2878 982-954,
670 2836 717 2871 of.
743 2837 825 2870 Ant.
853 2836 907 2870 111
937 2846 968 2869 c.
988 2836 1047 2868 4⁶.
1124 2836 1162 2876 ὃ)
1188 2835 1231 2868 Α.
1261 2834 1330 2866 983
1359 2833 1417 2867 die
1436 2835 1470 2868 2.
1491 2833 1595 2867 Febr.

103 2897 250 2931 puerum
277 2892 361 2921 tunc
386 2887 544 2922 sedecim
570 2896 754 2919 annorum.

1220 2951 1256 2981 ll
1274 2949 1286 2962 ‘
