1838 3210
480 212 785 247 LIUDPRANDI
810 212 1035 246 LEGATlo.
1087 212 1243 245 63—65.
1543 214 1612 247 165

118 322 286 367 Felices
315 338 403 378 eos,
433 323 470 366 si
489 329 783 422 paupertatem
804 322 963 366 Christi
983 323 1089 366 haec
1109 324 1357 378 imitaretur,
1378 333 1611 381 pauperes¹
1628 339 1695 367 968.

58 411 59 414 η
118 379 377 423 iudicarem!
424 380 550 423 Facit
607 393 659 422 oc
687 393 814 435 asper
841 386 1071 421 nummus¹
1102 387 1144 422 et
1172 381 1266 422 auri
1296 394 1418 422 sacra
1438 380 1573 424 fames
1583 387 1612 424 ³.

51 443 57 450 ‘
120 434 283 478 Verum
311 442 461 493 parcat
487 434 570 477 illis
599 434 729 478 deus!
778 434 875 477 Hoc
903 449 954 478 eo
983 434 1076 478 illos
1105 442 1208 491 puto
1228 436 1380 490 facere,
1410 437 1613 493 quoniam

121 504 268 535 eorum
297 489 501 535 ecclesiae
530 498 630 533 sunt
666 490 912 534 tributariae
921 497 952 532 ⁴.
1009 490 1286 534 Leucatensis
1321 491 1423 534 mihi
1459 493 1613 537 iuravit

118 548 360 604 episcopus,
389 548 618 604 quotannis
656 545 881 590 ecclesiam
916 560 1038 589 suam
1076 545 1232 590 debere
1260 547 1500 604 Nicephoro
1539 564 1610 591 au-

40 610 50 633 '2
117 617 213 646 reos
242 609 423 668 centum·
449 602 703 660 persolvere,
740 601 937 645 similiter
972 609 1014 645 et
1051 610 1240 646 caeteras
1275 603 1376 669 plus
1416 604 1611 647 minusve

117 657 354 702 seeundum
382 674 494 702 v1res
524 673 637 702 suas.
694 657 823 712 Quod
853 656 982 715 quam
1018 658 1213 715 iniquum
1251 667 1317 714 s1t,
1354 660 1611 702 sanctissimi

117 715 252 772 patris
280 715 412 757 nostri
439 714 597 772 loseph
634 721 731 758 acta
759 713 1063 768 demonstrant,
1102 715 1202 772 quia
1235 730 1332 758 cum
1361 715 1609 773 Aegyptum

116 776 250 813 totam
278 770 403 813 famis
431 778 516 814 tem
550 785 622 814 ore
637 770 915 818 ‚tributariam
944 769 1177 813 Pharaonis
1204 770 1374 826 faceret,
1415 771 1610 815 sacerdo-

116 831 210 869 tum
238 834 394 870 terram
422 841 449 869 a
476 829 531 870 tri
564 834 638 869 uto
666 824 846 869 liberam
874 840 965 868 esse
984 827 1199 883 permisit.

230 883 299 925 64.
356 882 493 948 Igitur
534 882 816 925 decimonono
866 880 1076 925 calendas
1123 882 1335 925 Ianuarii²
1379 883 1608 927 Leucatem
1623 898 1699 926 Dec.
1724 900 1768 928 ιι.

117 944 338 991 exeuntes,
375 939 556 1004 ipsique,
595 939 811 996 quoniam,
850 945 898 980 ut
925 939 1121 995 superius
1150 939 1417 995 scripsimus,
1454 946 1609 983 nautae

118 993 368 1051 effugerant,
384 1001 650 1052 nawgantes,
666 994 983 1051 decimoquinto
998 994 1054 1037 ad
1070 993 1303 1052 Coriphus³
1323 996 1609 1052 pervenimus,

118 1049 191 1093 ubi
219 1057 317 1093 ante
347 1051 468 1093 navis
497 1051 783 1107 egressionem
812 1051 999 1093 occurrit
1026 1050 1151 1094 nobis
1180 1057 1389 1108 strategos
1419 1051 1608 1108 quidam,

115 1104 301 1149 Michael
328 1106 514 1161 nomine,
545 1105 836 1159 chersionitis,
866 1120 893 1148 a
919 1105 1014 1149 loco
1035 1105 1198 1150 scilicet
1218 1105 1458 1162 Chersona3
1482 1107 1609 1151 homo
1624 1121 1697 1148 nee.
1723 1123 1770 1151 18.

116 1162 210 1219 ipse
240 1176 371 1205 canus
401 1163 554 1220 capite,
587 1162 697 1204 facie
727 1161 882 1214 hilaris,
924 1177 1118 1204 sermone
1148 1161 1298 1215 bonus,
1326 1163 1414 1205 risu
1443 1178 1612 1221 semper

116 1217 344 1272 iucundus,
374 1217 464 1272 sed,
494 1225 542 1260 ut
568 1223 667 1275 post
692 1218 843 1275 patuit,
872 1224 1012 1261 mente
1041 1217 1256 1273 diabolus;
1291 1218 1406 1276 quod
1435 1226 1478 1262 et
1505 1219 1610 1262 deus

115 1274 276 1330 apertis
304 1272 408 1329 mihi
437 1274 691 1317 monstravit
718 1273 900 1327 indiciis,
930 1274 966 1316 si
995 1288 1091 1318 mea
1119 1282 1221 1317 tunc
1249 1289 1369 1317 mens
1387 1274 1470 1318 hoc
1489 1281 1610 1332 potu-

115 1330 219 1372 isset
245 1329 454 1374 conicere.
510 1329 616 1372 Mox
654 1330 766 1372 enim
797 1335 846 1372 ut
872 1344 1038 1387 pacem,
1068 1344 1196 1387 quam
1232 1330 1360 1373 corde
1388 1346 1475 1374 non
1503 1330 1609 1375 fere-

115 1384 204 1439 bat,
231 1385 335 1429 mihi
365 1385 507 1429 osculo
538 1385 668 1439 dedit,
697 1392 788 1429 tota
817 1384 1043 1443 Coriphus‚
1079 1399 1236 1443 magna
1265 1386 1427 1430 scilieet
1455 1387 1607 1443 insula,

114 1442 316 1496 tremuitg
338 1456 418 1485 nec
438 1440 575 1485 solum
596 1441 740 1496 semel,
766 1441 841 1484 sed
860 1448 925 1485 ter
944 1441 1092 1485 eadem
1114 1442 1183 1485 die
1203 1443 1466 1499 pertremuit.
1506 1443 1609 1487 Post
1621 1469 1695 1496 Dee·
1720 1470 1767 1498 22,

144 1497 389 1541 uatriduum
432 1505 593 1552 autem,
638 1497 864 1540 undecimo
908 1497 1071 1541 scilicet
1115 1497 1326 1542 Calendas
1369 1499 1558 1542 Ianuarii
1574 1499 1607 1555 ¹²,

143 1567 216 1596 um
259 1554 305 1596 in
347 1568 494 1597 mensa
532 1554 696 1612 positus
734 1568 888 1611 panem
933 1553 1218 1607 comederem,
1263 1555 1336 1612 qui
1375 1554 1609 1612 ampliabat

49 1621 51 1626 ’
114 1624 245 1668 super
271 1625 340 1654 me
370 1609 617 1653 calcaneum
647 1625 786 1664 suum,
815 1609 1127 1653 verecundatus
1156 1610 1220 1653 sol
1247 1610 1412 1653 facinus
1439 1619 1526 1654 tam
1546 1611 1606 1654 in-
1620 1626 1686 1655 Iob.
1707 1626 1752 1659 ιθ,
1775 1625 1825 1655 1⁸.

113 1664 304 1723 dignum,
342 1665 451 1709 lucis
481 1680 582 1708 suae
610 1665 753 1709 radios
781 1664 1018 1721 abscondit,
1048 1672 1090 1709 et
1118 1665 1295 1724 eclipsin
1325 1680 1491 1724 passus,
1529 1667 1607 1710 Mi-

39 1754 51 1778 3
113 1720 301 1765 chaelem
331 1720 451 1764 illum
479 1722 641 1776 terruit,
670 1721 746 1766 sed
774 1737 858 1764 non
888 1723 1141 1765 immutavit.

40 1806 46 1822 ⁷.
225 1778 293 1822 65.
350 1778 506 1821 Dicam
536 1792 650 1835 ergo,
682 1777 786 1835 quid
809 1777 869 1820 illi
890 1792 1019 1821 causa
1038 1778 1252 1821 amicitiae
1272 1777 1456 1834 fecerim,
1488 1780 1607 1836 quid-

42 1850 44 1855 ·
111 1846 210 1876 nam
241 1834 296 1878 ab
326 1848 377 1877 eo
405 1847 484 1891 pro
514 1834 906 1891 recompensatione
934 1834 1212 1891 perceperim.
1260 1833 1378 1876 Dum
1400 1834 1607 1878 Constan-

111 1888 335 1947 tinopolim
364 1888 652 1944 ascenderem,
687 1889 793 1932 illud
822 1896 1012 1933 vestrum
1041 1890 1394 1947 pretiosissimum
1426 1899 1607 1945 scutum,

113 1946 221 1989 miro
252 1959 380 2011 opere
409 1945 659 1989 deauratum
690 1953 731 1990 et
759 1945 1027 2000 fabricatum,
1088 1945 1174 1988 uod
1204 1945 1307 1988 mihi
1337 1945 1496 1989 domini
1522 1948 1606 1989 mei

111 2009 284 2058 augusti
326 2000 501 2045 dedistis
545 2002 722 2046 cacteris
766 2016 864 2045 cum
908 2002 1070 2045 muneri
1104 2016 1175 2053 us,
1219 2009 1266 2044 ut
1309 2002 1457 2044 amicis
1500 2003 1606 2046 meis

46 2086 50 2088 -
113 2057 294 2101 Graecis
324 2055 493 2111 darem,
529 2057 617 2100 filio
647 2058 782 2115 ipsius
821 2057 992 2100 contuli.
1049 2058 1175 2100 Nunc
1205 2057 1607 2115 Constantinopoli⁰

42 2175 43 2178 ’
111 2168 238 2212 nibus
258 2169 418 2226 gratias
438 2168 655 2214 distribuit
674 2169 836 2213 ciusmo

42 2107 47 2138 J
111 2112 293 2167 rediens,
322 2119 485 2171 patrem
515 2112 644 2171 pallio
674 2114 829 2156 donavi
890 2113 1187 2166 retiosissim03
1223 2127 1302 2170 pro
1334 2113 1490 2171 quibus
1520 2129 1607 2157 om·

38 2199 40 2202 ψ
838 2129 887 2211 dli
896 2185 904 2211 :
936 2169 1116 2226 Scripsit
1135 2168 1417 2226 Nicephorus,
1439 2178 1486 2212 ut
1506 2184 1607 2227 qua-

45 2251 47 2253 -
113 2239 283 2283 cunque
320 2224 427 2268 hora
464 2239 509 2268 se
545 2225 721 2279 adirem,
759 2225 836 2268 abs
871 2240 923 2268 ue
957 2239 1077 2268 mora
1107 2223 1328 2267 chelandio
1358 2225 1606 2282 impositum

46 2299 47 2302 ¹
112 2281 245 2325 Leoni
275 2280 481 2324 kitonitae
511 2280 734 2337 dirigeret3
764 2296 848 2347 quo
909 2282 921 2323 i
955 2296 999 2324 se
1029 2295 1115 2323 non
1134 2280 1258 2334 fecit3
1288 2295 1435 2323 verum
1456 2281 1608 2326 diebus

46 2346 50 2350 ,
111 2337 263 2395 viginti
291 2351 361 2379 me
389 2344 612 2392 retentum,
641 2352 727 2380 non
747 2352 835 2379 su1s
855 2351 900 2380 se
950 2336 1133 2394 propriis
1154 2352 1221 2379 me
1242 2335 1464 2393 stipendiis
1488 2336 1606 2393 aluit,

114 2434 144 2466 ι)
166 2434 208 2459 ita
229 2434 358 2465 corrub-
385 2440 453 2459 nan
480 2440 571 2466 supra
593 2434 744 2464 παν-ναοῦ,
773 2441 803 2458 η
824 2435 852 2460 8.
876 2433 945 2458 Idm
966 2433 1126 2459 Decembris
1147 2433 1293 2459 Leucaten
1323 2434 1448 2466 veniam
1476 2435 1604 2461 Deccm-

113 2473 176 2499 bris
199 2472 227 2499 C.
309 2471 340 2506 b)
358 2473 401 2499 uo
422 2473 533 2498 corrcn'
554 2473 663 2499 canu-'u’
682 2473 841 2499 lectionem:
863 2473 968 2505 Postq.
991 2472 1126 2499 triduum
1147 2476 1250 2499 sutem
1273 2472 1503 2508 decimoquinto
1525 2474 1605 2500 scin·

115 2515 163 2539 eet
184 2511 337 2538 calendo·
361 2512 554 2539 Decembris.
587 2519 660 2545 quae.
681 2515 706 2538 ee
727 2519 812 2538 eemu
841 2516 936 2541 caret,
964 2518 1025 2537 cum
1047 2512 1146 2537 triduo
1171 2515 1237 2544 pose
1261 2512 1307 2539 15.
1330 2512 1400 2541 Kal.
1421 2519 1480 2539 non
1504 2514 1604 2539 iterum

116 2550 162 2578 15.
188 2550 251 2578 Kal.
275 2557 332 2576 eoos
352 2552 451 2583 ponit,
473 2555 497 2576 et
518 2554 643 2581 naturas
663 2551 847 2582 adver-aetum
868 2558 933 2577 nam
956 2550 1066 2583 acapna
1085 2551 1130 2576 ἀίω
1152 2551 1200 2578 22.
1222 2550 1288 2577 Dec.
1304 2551 1378 2584 fiat,
1400 2556 1430 2577 ut
1453 2553 1509 2578 Leo
1533 2552 1602 2578 leia-

112 2597 175 2616 eon.
201 2589 279 2616 11⁷e.
294 2591 341 2623 11,
364 2589 442 2616 Ann.
465 2591 611 2623 Cuvaenne,
632 2590 763 2623 Sanqull.
784 2591 863 2621 καί,
887 2590 1042 2624 Farsmu
1062 2590 1114 2616 aliu·
1134 2594 1158 2615 ee
1179 2590 1294 2616 tabulae
1314 2593 1523 2617 astronomicae
1536 2599 1602 2623 pro-

43 2640 45 2643 ·
113 2629 194 2657 dune.
238 2628 292 2660 Oui
312 2629 430 2656 codicem
451 2630 597 2663 exscrtpuu
620 2629 671 2656 xi.
687 2630 750 2663 1096!
772 2629 833 2657 XV.
916 2630 943 2662 c)
967 2629 1266 2663 constantinopolim
1290 2630 1317 2656 C.

117 2715 151 2760 1)
178 2715 357 2761 pauperes
384 2727 445 2751 eos
471 2717 666 2752 indicarem
692 2717 828 2759 felices,
854 2718 884 2751 si
912 2723 971 2752 etc.
1073 2716 1112 2760 2)
1140 2717 1194 2751 Cf.
1220 2717 1318 2751 Pers.
1346 2718 1421 2751 Sat.
1449 2718 1517 2759 111,
1545 2718 1603 2751 69.

114 2765 155 2807 3)
181 2764 289 2809 Vei-g.
314 2766 404 2799 Aen.
430 2765 498 2808 111,
521 2767 578 2802 ⁶7.
677 2767 718 2811 4)
745 2767 799 2801 cf.
827 2777 933 2812 supra
956 2778 986 2800 c.
1007 2766 1063 2800 62.
1099 2765 1321 2811 Nicephorius
1348 2765 1442 2811 apud
1471 2765 1602 2800 Cedre-

49 2807 51 2814 ⁴
115 2823 198 2847 num
231 2814 360 2848 dicitnr
392 2810 501 2861 νόμον
537 2813 726 2861 ἐκθέμενος
759 2812 804 2861 μὴ
839 2813 903 2857 τὰς
937 2813 1118 2860 ἐκκλησίας
1149 2811 1324 2856 ἁκιιήιοις
1350 2810 1603 2850 πλατύνεσθαι.

114 2859 155 2907 5)
182 2862 288 2896 Corsa
315 2863 443 2898 insula.
