<?xml version="1.0" encoding="UTF-8"?>
<!DOCTYPE html PUBLIC "-//W3C//DTD XHTML 1.0 Transitional//EN"
    "http://www.w3.org/TR/xhtml1/DTD/xhtml1-transitional.dtd">
<html xmlns="http://www.w3.org/1999/xhtml" xml:lang="en" lang="en">
 <head>
  <title>
</title>
<meta http-equiv="Content-Type" content="text/html;charset=utf-8" />
  <meta name='ocr-system' content='tesseract 3.04.00' />
  <meta name='ocr-capabilities' content='ocr_page ocr_carea ocr_par ocr_line ocrx_word'/>
</head>
<body>
  <div class='ocr_page' id='page_1' title='image "./liudprandiepisco00liuduoft_0052.png"; bbox 0 0 1838 3210; ppageno 0'>
   <div class='ocr_carea' id='block_1_1' title="bbox 330 0 1838 275">
    <p class='ocr_par' dir='ltr' id='par_1_1' title="bbox 330 0 1838 275">
     <span class='ocr_line' id='line_1_1' title="bbox 330 0 1838 275; baseline -0.004 -13"><span class='ocrx_word' id='word_1_1' title='bbox 330 231 376 262; x_wconf 84' lang='lat'>30</span> <span class='ocrx_word' id='word_1_2' title='bbox 548 225 850 261; x_wconf 77' lang='lat' dir='ltr'>LIUDPRANDI</span> <span class='ocrx_word' id='word_1_3' title='bbox 876 225 1220 259; x_wconf 74' lang='lat' dir='ltr'><strong>ANTAPODOSIS.</strong></span> <span class='ocrx_word' id='word_1_4' title='bbox 1272 223 1367 258; x_wconf 88' lang='lat' dir='ltr'><strong>LIB.</strong></span> <span class='ocrx_word' id='word_1_5' title='bbox 1395 224 1444 258; x_wconf 89' lang='lat'>11.</span> <span class='ocrx_word' id='word_1_6' title='bbox 1496 224 1603 258; x_wconf 73' lang='lat'><strong>5-0.</strong></span> <span class='ocrx_word' id='word_1_7' title='bbox 1804 0 1838 275; x_wconf 57' lang='grc' dir='ltr'>ἒ</span> 
     </span>
    </p>
   </div>
   <div class='ocr_carea' id='block_1_2' title="bbox 145 334 1838 2410">
    <p class='ocr_par' dir='ltr' id='par_1_2' title="bbox 145 334 1838 2410">
     <span class='ocr_line' id='line_1_2' title="bbox 242 334 1838 393; baseline -0.003 -10"><span class='ocrx_word' id='word_1_8' title='bbox 242 340 490 383; x_wconf 49' lang='lat' dir='ltr'>morvidum</span> <span class='ocrx_word' id='word_1_9' title='bbox 519 353 610 382; x_wconf 86' lang='lat' dir='ltr'>esse</span> <span class='ocrx_word' id='word_1_10' title='bbox 640 339 836 390; x_wconf 83' lang='lat' dir='ltr'>miratur3</span> <span class='ocrx_word' id='word_1_11' title='bbox 875 337 1007 393; x_wconf 82' lang='lat' dir='ltr'>fitque</span> <span class='ocrx_word' id='word_1_12' title='bbox 1036 334 1095 377; x_wconf 90' lang='lat' dir='ltr'>illi</span> <span class='ocrx_word' id='word_1_13' title='bbox 1124 350 1210 378; x_wconf 89' lang='lat' dir='ltr'>non</span> <span class='ocrx_word' id='word_1_14' title='bbox 1239 335 1436 392; x_wconf 81' lang='lat' dir='ltr'><strong>opinatus</strong></span> <span class='ocrx_word' id='word_1_15' title='bbox 1471 336 1644 392; x_wconf 84' lang='lat' dir='ltr'>gravior</span> <span class='ocrx_word' id='word_1_16' title='bbox 1672 337 1838 379; x_wconf 60' lang='grc' dir='ltr'>Μαι-’ἒ</span> 
     </span>
     <span class='ocr_line' id='line_1_3' title="bbox 333 391 1838 457; baseline -0.001 -19"><span class='ocrx_word' id='word_1_17' title='bbox 333 396 508 438; x_wconf 82' lang='lat' dir='ltr'>Videres</span> <span class='ocrx_word' id='word_1_18' title='bbox 547 394 742 451; x_wconf 83' lang='lat' dir='ltr'><strong>equidem</strong></span> <span class='ocrx_word' id='word_1_19' title='bbox 781 391 921 442; x_wconf 82' lang='lat' dir='ltr'>saltus,</span> <span class='ocrx_word' id='word_1_20' title='bbox 958 406 1095 447; x_wconf 80' lang='lat' dir='ltr'>agrOS,</span> <span class='ocrx_word' id='word_1_21' title='bbox 1136 391 1296 457; x_wconf 85' lang='lat' dir='ltr'>passim</span> <span class='ocrx_word' id='word_1_22' title='bbox 1331 391 1609 435; x_wconf 85' lang='lat' dir='ltr'>cadaveribus</span> <span class='ocrx_word' id='word_1_23' title='bbox 1644 397 1838 447; x_wconf 55' lang='lat' dir='ltr'>stratosf‘</span> 
     </span>
     <span class='ocr_line' id='line_1_4' title="bbox 331 433 1838 504; baseline -0.002 -10"><span class='ocrx_word' id='word_1_24' title='bbox 331 453 443 494; x_wconf 85' lang='lat' dir='ltr'>rivos</span> <span class='ocrx_word' id='word_1_25' title='bbox 479 457 521 493; x_wconf 89' lang='lat' dir='ltr'>ct</span> <span class='ocrx_word' id='word_1_26' title='bbox 559 450 735 492; x_wconf 91' lang='lat' dir='ltr'>flumina</span> <span class='ocrx_word' id='word_1_27' title='bbox 774 449 979 503; x_wconf 86' lang='lat' dir='ltr'>sanguine</span> <span class='ocrx_word' id='word_1_28' title='bbox 1018 454 1231 504; x_wconf 82' lang='lat' dir='ltr'>permlxta</span> <span class='ocrx_word' id='word_1_29' title='bbox 1268 447 1442 503; x_wconf 77' lang='lat' dir='ltr'>rubere3</span> <span class='ocrx_word' id='word_1_30' title='bbox 1484 453 1587 490; x_wconf 88' lang='lat' dir='ltr'>tunc</span> <span class='ocrx_word' id='word_1_31' title='bbox 1622 433 1838 492; x_wconf 45' lang='lat' dir='ltr'>hinnitus*</span> 
     </span>
     <span class='ocr_line' id='line_1_5' title="bbox 330 503 1822 565; baseline -0.002 -15"><span class='ocrx_word' id='word_1_32' title='bbox 330 521 499 565; x_wconf 89' lang='lat' dir='ltr'>equum,</span> <span class='ocrx_word' id='word_1_33' title='bbox 543 506 801 561; x_wconf 78' lang='lat' dir='ltr'>clangorque</span> <span class='ocrx_word' id='word_1_34' title='bbox 839 503 1051 557; x_wconf 87' lang='lat' dir='ltr'>tubarum,</span> <span class='ocrx_word' id='word_1_35' title='bbox 1093 503 1303 559; x_wconf 82' lang='lat' dir='ltr'>fugientes</span> <span class='ocrx_word' id='word_1_36' title='bbox 1346 503 1473 545; x_wconf 83' lang='lat' dir='ltr'>etiam</span> <span class='ocrx_word' id='word_1_37' title='bbox 1514 511 1644 562; x_wconf 85' lang='lat' dir='ltr'>atque</span> <span class='ocrx_word' id='word_1_38' title='bbox 1683 505 1822 547; x_wconf 79' lang='lat' dir='ltr'>etiam&#39;</span> 
     </span>
     <span class='ocr_line' id='line_1_6' title="bbox 330 558 1442 618; baseline -0.005 -11"><span class='ocrx_word' id='word_1_39' title='bbox 330 572 496 614; x_wconf 84' lang='lat' dir='ltr'>terrere,</span> <span class='ocrx_word' id='word_1_40' title='bbox 558 567 828 618; x_wconf 87' lang='lat' dir='ltr'>ersequentes</span> <span class='ocrx_word' id='word_1_41' title='bbox 857 560 994 615; x_wconf 85' lang='lat' dir='ltr'>magis</span> <span class='ocrx_word' id='word_1_42' title='bbox 1022 560 1243 615; x_wconf 83' lang='lat' dir='ltr'>magisque</span> <span class='ocrx_word' id='word_1_43' title='bbox 1272 558 1442 601; x_wconf 86' lang='lat' dir='ltr'>hortari.</span> 
     </span>
     <span class='ocr_line' id='line_1_7' title="bbox 438 613 1815 673; baseline -0.001 -13"><span class='ocrx_word' id='word_1_44' title='bbox 438 620 478 660; x_wconf 78' lang='lat'>5.</span> <span class='ocrx_word' id='word_1_45' title='bbox 569 617 733 673; x_wconf 86' lang='lat' dir='ltr'>ungarii</span> <span class='ocrx_word' id='word_1_46' title='bbox 755 622 947 673; x_wconf 87' lang='lat' dir='ltr'>preterea</span> <span class='ocrx_word' id='word_1_47' title='bbox 966 622 1184 671; x_wconf 87' lang='lat' dir='ltr'>compotes</span> <span class='ocrx_word' id='word_1_48' title='bbox 1203 615 1316 658; x_wconf 73' lang='lat' dir='ltr'>voti⁸</span> <span class='ocrx_word' id='word_1_49' title='bbox 1345 615 1412 657; x_wconf 85' lang='lat' dir='ltr'>sui</span> <span class='ocrx_word' id='word_1_50' title='bbox 1441 614 1580 658; x_wconf 77' lang='lat' dir='ltr'>effecti</span> <span class='ocrx_word' id='word_1_51' title='bbox 1622 613 1815 658; x_wconf 74' lang='lat' dir='ltr'>christia-</span> 
     </span>
     <span class='ocr_line' id='line_1_8' title="bbox 330 671 1815 737; baseline -0.001 -21"><span class='ocrx_word' id='word_1_52' title='bbox 330 689 479 716; x_wconf 91' lang='lat' dir='ltr'>norum</span> <span class='ocrx_word' id='word_1_53' title='bbox 509 673 588 715; x_wconf 89' lang='lat' dir='ltr'>hac</span> <span class='ocrx_word' id='word_1_54' title='bbox 617 680 702 715; x_wconf 90' lang='lat' dir='ltr'>tam</span> <span class='ocrx_word' id='word_1_55' title='bbox 732 672 951 714; x_wconf 55' lang='lat' dir='ltr'>inmensa»</span> <span class='ocrx_word' id='word_1_56' title='bbox 982 686 1086 713; x_wconf 89' lang='lat' dir='ltr'>nece</span> <span class='ocrx_word' id='word_1_57' title='bbox 1115 671 1313 737; x_wconf 85' lang='lat' dir='ltr'>propriae</span> <span class='ocrx_word' id='word_1_58' title='bbox 1342 685 1429 713; x_wconf 90' lang='lat' dir='ltr'>non</span> <span class='ocrx_word' id='word_1_59' title='bbox 1465 671 1567 714; x_wconf 82' lang='lat' dir='ltr'>satis</span> <span class='ocrx_word' id='word_1_60' title='bbox 1586 684 1709 715; x_wconf 86' lang='lat' dir='ltr'>ecere</span> <span class='ocrx_word' id='word_1_61' title='bbox 1743 686 1815 715; x_wconf 86' lang='lat' dir='ltr'>ne-</span> 
     </span>
     <span class='ocr_line' id='line_1_9' title="bbox 359 726 1814 784; baseline 0 -13"><span class='ocrx_word' id='word_1_62' title='bbox 359 730 517 783; x_wconf 70' lang='lat' dir='ltr'>uiciae,</span> <span class='ocrx_word' id='word_1_63' title='bbox 569 728 643 772; x_wconf 89' lang='lat' dir='ltr'>sed</span> <span class='ocrx_word' id='word_1_64' title='bbox 686 728 846 770; x_wconf 84' lang='lat' dir='ltr'><strong>rabiem</strong></span> <span class='ocrx_word' id='word_1_65' title='bbox 895 735 941 770; x_wconf 89' lang='lat' dir='ltr'>ut</span> <span class='ocrx_word' id='word_1_66' title='bbox 984 726 1186 783; x_wconf 86' lang='lat' dir='ltr'>perfid1ac</span> <span class='ocrx_word' id='word_1_67' title='bbox 1229 727 1449 779; x_wconf 78' lang='lat' dir='ltr'><strong>satiarent,</strong></span> <span class='ocrx_word' id='word_1_68' title='bbox 1492 726 1814 784; x_wconf 85' lang='lat' dir='ltr'>Bagoariorum,</span> 
     </span>
     <span class='ocr_line' id='line_1_10' title="bbox 364 782 1816 840; baseline -0.001 -12"><span class='ocrx_word' id='word_1_69' title='bbox 364 800 580 838; x_wconf 86' lang='lat' dir='ltr'>uevorum,</span> <span class='ocrx_word' id='word_1_70' title='bbox 620 785 896 837; x_wconf 76' lang='lat' dir='ltr'>Francorum,</span> <span class='ocrx_word' id='word_1_71' title='bbox 937 783 1156 826; x_wconf 84' lang='lat' dir='ltr'>Saxonum</span> <span class='ocrx_word' id='word_1_72' title='bbox 1195 783 1338 825; x_wconf 91' lang='lat' dir='ltr'>omnia</span> <span class='ocrx_word' id='word_1_73' title='bbox 1374 782 1647 840; x_wconf 84' lang='lat' dir='ltr'>deflagrando</span> <span class='ocrx_word' id='word_1_74' title='bbox 1681 797 1816 840; x_wconf 79' lang='lat' dir='ltr'>regna</span> 
     </span>
     <span class='ocr_line' id='line_1_11' title="bbox 360 838 1815 896; baseline -0.001 -13"><span class='ocrx_word' id='word_1_75' title='bbox 360 847 589 883; x_wconf 89' lang='lat' dir='ltr'>ercurrunt.</span> <span class='ocrx_word' id='word_1_76' title='bbox 647 840 737 883; x_wconf 88' lang='lat' dir='ltr'>Nec</span> <span class='ocrx_word' id='word_1_77' title='bbox 767 840 989 896; x_wconf 87' lang='lat' dir='ltr'>quisquam</span> <span class='ocrx_word' id='word_1_78' title='bbox 1020 845 1121 892; x_wconf 89' lang='lat' dir='ltr'>erat,</span> <span class='ocrx_word' id='word_1_79' title='bbox 1153 840 1226 896; x_wconf 93' lang='lat' dir='ltr'>qui</span> <span class='ocrx_word' id='word_1_80' title='bbox 1255 838 1406 881; x_wconf 89' lang='lat' dir='ltr'>horum</span> <span class='ocrx_word' id='word_1_81' title='bbox 1434 839 1704 896; x_wconf 83' lang='lat' dir='ltr'>presentiam,</span> <span class='ocrx_word' id='word_1_82' title='bbox 1731 838 1815 883; x_wconf 80' lang='lat' dir='ltr'>nisi</span> 
     </span>
     <span class='ocr_line' id='line_1_12' title="bbox 343 893 1815 952; baseline -0.001 -13"><span class='ocrx_word' id='word_1_83' title='bbox 343 895 472 940; x_wconf 86' lang='lat' dir='ltr'>abore</span> <span class='ocrx_word' id='word_1_84' title='bbox 515 911 600 938; x_wconf 91' lang='lat' dir='ltr'>non</span> <span class='ocrx_word' id='word_1_85' title='bbox 644 910 776 952; x_wconf 87' lang='lat' dir='ltr'>parvo</span> <span class='ocrx_word' id='word_1_86' title='bbox 820 901 1023 938; x_wconf 83' lang='lat' dir='ltr'>naturave</span> <span class='ocrx_word' id='word_1_87' title='bbox 1076 895 1371 937; x_wconf 84' lang='lat' dir='ltr'>munitissimis</span> <span class='ocrx_word' id='word_1_88' title='bbox 1419 893 1721 952; x_wconf 75' lang='lat' dir='ltr'>prestolaretur</span> <span class='ocrx_word' id='word_1_89' title='bbox 1769 895 1815 938; x_wconf 83' lang='lat' dir='ltr'>in</span> 
     </span>
     <span class='ocr_line' id='line_1_13' title="bbox 327 949 1816 1009; baseline -0.001 -14"><span class='ocrx_word' id='word_1_90' title='bbox 327 953 470 1007; x_wconf 65' lang='lat' dir='ltr'>locist,</span> <span class='ocrx_word' id='word_1_91' title='bbox 512 952 734 1009; x_wconf 87' lang='lat' dir='ltr'>factusque</span> <span class='ocrx_word' id='word_1_92' title='bbox 778 957 840 994; x_wconf 87' lang='lat' dir='ltr'>est</span> <span class='ocrx_word' id='word_1_93' title='bbox 882 966 961 1008; x_wconf 90' lang='lat' dir='ltr'>per</span> <span class='ocrx_word' id='word_1_94' title='bbox 989 950 1211 993; x_wconf 88' lang='lat' dir='ltr'>nonnullos</span> <span class='ocrx_word' id='word_1_95' title='bbox 1240 950 1426 1008; x_wconf 87' lang='lat' dir='ltr'>populus</span> <span class='ocrx_word' id='word_1_96' title='bbox 1453 951 1524 994; x_wconf 89' lang='lat' dir='ltr'>hic</span> <span class='ocrx_word' id='word_1_97' title='bbox 1565 949 1816 995; x_wconf 78' lang='lat' dir='ltr'>tributarius</span> 
     </span>
     <span class='ocr_line' id='line_1_14' title="bbox 327 1016 1838 1051; baseline 0.001 -1"><span class='ocrx_word' id='word_1_98' title='bbox 327 1023 460 1050; x_wconf 89' lang='lat' dir='ltr'>annos</span> <span class='ocrx_word' id='word_1_99' title='bbox 471 1016 499 1049; x_wconf 83' lang='lat'>².</span> <span class='ocrx_word' id='word_1_100' title='bbox 1837 1024 1838 1051; x_wconf 60' lang='lat' dir='ltr'>l</span> 
     </span>
     <span class='ocr_line' id='line_1_15' title="bbox 261 1061 1818 1120; baseline 0 -14"><span class='ocrx_word' id='word_1_101' title='bbox 261 1079 312 1114; x_wconf 83' lang='lat'>(3.)</span> <span class='ocrx_word' id='word_1_102' title='bbox 439 1066 506 1106; x_wconf 79' lang='grc' dir='ltr'>6.ο</span> <span class='ocrx_word' id='word_1_103' title='bbox 549 1063 691 1105; x_wconf 91' lang='lat' dir='ltr'>Huius</span> <span class='ocrx_word' id='word_1_104' title='bbox 727 1071 918 1120; x_wconf 90' lang='lat' dir='ltr'>tempore</span> <span class='ocrx_word' id='word_1_105' title='bbox 956 1062 1213 1106; x_wconf 84' lang='lat' dir='ltr'>Adelbertus</span> <span class='ocrx_word' id='word_1_106' title='bbox 1251 1063 1466 1120; x_wconf 78' lang='lat' dir='ltr'>quidam³,</span> <span class='ocrx_word' id='word_1_107' title='bbox 1509 1077 1596 1106; x_wconf 89' lang='lat' dir='ltr'>non</span> <span class='ocrx_word' id='word_1_108' title='bbox 1638 1061 1818 1120; x_wconf 78' lang='lat' dir='ltr'>quilibet</span> 
     </span>
     <span class='ocr_line' id='line_1_16' title="bbox 145 1117 1816 1175; baseline 0 -13"><span class='ocrx_word' id='word_1_109' title='bbox 145 1119 313 1146; x_wconf 66' lang='grc'>904-906·</span> <span class='ocrx_word' id='word_1_110' title='bbox 328 1120 403 1163; x_wconf 89' lang='lat' dir='ltr'>sed</span> <span class='ocrx_word' id='word_1_111' title='bbox 433 1134 612 1175; x_wconf 85' lang='lat' dir='ltr'>magnus</span> <span class='ocrx_word' id='word_1_112' title='bbox 641 1118 710 1162; x_wconf 89' lang='lat' dir='ltr'>ille</span> <span class='ocrx_word' id='word_1_113' title='bbox 740 1118 876 1173; x_wconf 89' lang='lat' dir='ltr'>heros,</span> <span class='ocrx_word' id='word_1_114' title='bbox 906 1118 1161 1162; x_wconf 87' lang='lat' dir='ltr'>simultatem</span> <span class='ocrx_word' id='word_1_115' title='bbox 1190 1133 1276 1161; x_wconf 92' lang='lat' dir='ltr'>non</span> <span class='ocrx_word' id='word_1_116' title='bbox 1305 1119 1517 1162; x_wconf 80' lang='lat' dir='ltr'>modicam</span> <span class='ocrx_word' id='word_1_117' title='bbox 1545 1119 1590 1161; x_wconf 87' lang='lat' dir='ltr'>in</span> <span class='ocrx_word' id='word_1_118' title='bbox 1611 1117 1816 1162; x_wconf 72' lang='lat' dir='ltr'>castello⁴</span> 
     </span>
     <span class='ocr_line' id='line_1_17' title="bbox 327 1173 1816 1232; baseline 0 -14"><span class='ocrx_word' id='word_1_119' title='bbox 327 1174 534 1219; x_wconf 87' lang='lat' dir='ltr'>vocabulo</span> <span class='ocrx_word' id='word_1_120' title='bbox 563 1173 835 1231; x_wconf 89' lang='lat' dir='ltr'>Bavemberg</span> <span class='ocrx_word' id='word_1_121' title='bbox 865 1181 1014 1217; x_wconf 87' lang='lat' dir='ltr'>contra</span> <span class='ocrx_word' id='word_1_122' title='bbox 1041 1190 1131 1218; x_wconf 90' lang='lat' dir='ltr'>rem</span> <span class='ocrx_word' id='word_1_123' title='bbox 1160 1174 1379 1232; x_wconf 87' lang='lat' dir='ltr'>puplicam</span> <span class='ocrx_word' id='word_1_124' title='bbox 1408 1174 1647 1218; x_wconf 85' lang='lat' dir='ltr'>exercebat.</span> <span class='ocrx_word' id='word_1_125' title='bbox 1702 1174 1816 1232; x_wconf 86' lang='lat' dir='ltr'>Sepe</span> 
     </span>
     <span class='ocr_line' id='line_1_18' title="bbox 328 1230 1816 1288; baseline 0 -14"><span class='ocrx_word' id='word_1_126' title='bbox 328 1232 482 1274; x_wconf 87' lang='lat' dir='ltr'>etenim</span> <span class='ocrx_word' id='word_1_127' title='bbox 538 1246 615 1274; x_wconf 86' lang='lat' dir='ltr'>rex</span> <span class='ocrx_word' id='word_1_128' title='bbox 663 1230 927 1273; x_wconf 87' lang='lat' dir='ltr'>Hulodoicus</span> <span class='ocrx_word' id='word_1_129' title='bbox 978 1232 1247 1287; x_wconf 86' lang='lat' dir='ltr'>congregatis</span> <span class='ocrx_word' id='word_1_130' title='bbox 1301 1231 1497 1274; x_wconf 87' lang='lat' dir='ltr'>omnibus</span> <span class='ocrx_word' id='word_1_131' title='bbox 1545 1245 1673 1288; x_wconf 87' lang='lat' dir='ltr'>super</span> <span class='ocrx_word' id='word_1_132' title='bbox 1718 1245 1816 1274; x_wconf 87' lang='lat' dir='ltr'>eum</span> 
     </span>
     <span class='ocr_line' id='line_1_19' title="bbox 327 1286 1818 1342; baseline 0 -13"><span class='ocrx_word' id='word_1_133' title='bbox 327 1289 519 1330; x_wconf 88' lang='lat' dir='ltr'>irruerat.</span> <span class='ocrx_word' id='word_1_134' title='bbox 589 1287 670 1330; x_wconf 84' lang='lat' dir='ltr'>Cui</span> <span class='ocrx_word' id='word_1_135' title='bbox 708 1287 949 1329; x_wconf 86' lang='lat' dir='ltr'>nominatus</span> <span class='ocrx_word' id='word_1_136' title='bbox 985 1287 1109 1329; x_wconf 89' lang='lat' dir='ltr'>heros</span> <span class='ocrx_word' id='word_1_137' title='bbox 1147 1302 1232 1329; x_wconf 91' lang='lat' dir='ltr'>non</span> <span class='ocrx_word' id='word_1_138' title='bbox 1270 1288 1392 1330; x_wconf 87' lang='lat' dir='ltr'>iuxta</span> <span class='ocrx_word' id='word_1_139' title='bbox 1429 1286 1663 1342; x_wconf 86' lang='lat' dir='ltr'>castellum,</span> <span class='ocrx_word' id='word_1_140' title='bbox 1703 1292 1753 1329; x_wconf 86' lang='lat' dir='ltr'>ut</span> <span class='ocrx_word' id='word_1_141' title='bbox 1789 1300 1818 1329; x_wconf 91' lang='lat' dir='ltr'>a</span> 
     </span>
     <span class='ocr_line' id='line_1_20' title="bbox 358 1341 1813 1401; baseline 0.001 -17"><span class='ocrx_word' id='word_1_142' title='bbox 358 1343 543 1400; x_wconf 89' lang='lat' dir='ltr'>lerisque</span> <span class='ocrx_word' id='word_1_143' title='bbox 581 1342 748 1397; x_wconf 87' lang='lat' dir='ltr'>assolet,</span> <span class='ocrx_word' id='word_1_144' title='bbox 789 1342 864 1386; x_wconf 84' lang='lat' dir='ltr'>sed</span> <span class='ocrx_word' id='word_1_145' title='bbox 901 1343 1049 1399; x_wconf 91' lang='lat' dir='ltr'>procul</span> <span class='ocrx_word' id='word_1_146' title='bbox 1081 1358 1109 1386; x_wconf 89' lang='lat' dir='ltr'>a</span> <span class='ocrx_word' id='word_1_147' title='bbox 1138 1344 1371 1386; x_wconf 89' lang='lat' dir='ltr'>munitione</span> <span class='ocrx_word' id='word_1_148' title='bbox 1404 1349 1607 1401; x_wconf 83' lang='lat' dir='ltr'>preparat</span> <span class='ocrx_word' id='word_1_149' title='bbox 1638 1341 1813 1386; x_wconf 87' lang='lat' dir='ltr'>bellum.</span> 
     </span>
     <span class='ocr_line' id='line_1_21' title="bbox 326 1359 1815 1455; baseline 0.001 -14"><span class='ocrx_word' id='word_1_150' title='bbox 326 1359 458 1453; x_wconf 57' lang='lat' dir='ltr'>Regis</span> <span class='ocrx_word' id='word_1_151' title='bbox 479 1400 634 1442; x_wconf 88' lang='lat' dir='ltr'>etenim</span> <span class='ocrx_word' id='word_1_152' title='bbox 653 1398 807 1442; x_wconf 86' lang='lat' dir='ltr'>milites</span> <span class='ocrx_word' id='word_1_153' title='bbox 827 1400 1073 1455; x_wconf 81' lang='lat' dir='ltr'>priusquam</span> <span class='ocrx_word' id='word_1_154' title='bbox 1094 1415 1140 1442; x_wconf 89' lang='lat' dir='ltr'>re</span> <span class='ocrx_word' id='word_1_155' title='bbox 1168 1401 1181 1440; x_wconf 94' lang='lat' dir='ltr'>i</span> <span class='ocrx_word' id='word_1_156' title='bbox 1215 1414 1262 1442; x_wconf 88' lang='lat' dir='ltr'>sa</span> <span class='ocrx_word' id='word_1_157' title='bbox 1290 1399 1415 1442; x_wconf 88' lang='lat' dir='ltr'>huius</span> <span class='ocrx_word' id='word_1_158' title='bbox 1443 1399 1662 1442; x_wconf 88' lang='lat' dir='ltr'>audatiam</span> <span class='ocrx_word' id='word_1_159' title='bbox 1688 1398 1815 1442; x_wconf 81' lang='lat' dir='ltr'>mira-</span> 
     </span>
     <span class='ocr_line' id='line_1_22' title="bbox 326 1455 1816 1512; baseline 0.001 -15"><span class='ocrx_word' id='word_1_160' title='bbox 326 1463 482 1509; x_wconf 85' lang='lat' dir='ltr'>rentur,</span> <span class='ocrx_word' id='word_1_161' title='bbox 511 1470 656 1511; x_wconf 89' lang='lat' dir='ltr'>regem</span> <span class='ocrx_word' id='word_1_162' title='bbox 676 1461 901 1512; x_wconf 87' lang='lat' dir='ltr'>preeuntes</span> <span class='ocrx_word' id='word_1_163' title='bbox 921 1470 1090 1511; x_wconf 85' lang='lat' dir='ltr'>pugnae</span> <span class='ocrx_word' id='word_1_164' title='bbox 1114 1469 1192 1512; x_wconf 91' lang='lat' dir='ltr'>pro</span> <span class='ocrx_word' id='word_1_165' title='bbox 1210 1455 1310 1498; x_wconf 89' lang='lat' dir='ltr'>udio</span> <span class='ocrx_word' id='word_1_166' title='bbox 1338 1455 1451 1498; x_wconf 91' lang='lat' dir='ltr'>hunc</span> <span class='ocrx_word' id='word_1_167' title='bbox 1479 1462 1603 1498; x_wconf 86' lang='lat' dir='ltr'>extra</span> <span class='ocrx_word' id='word_1_168' title='bbox 1629 1461 1816 1499; x_wconf 71' lang='lat' dir='ltr'>castrum</span> 
     </span>
     <span class='ocr_line' id='line_1_23' title="bbox 326 1510 1815 1569; baseline 0.001 -16"><span class='ocrx_word' id='word_1_169' title='bbox 326 1510 484 1554; x_wconf 82' lang='lat' dir='ltr'>illicere</span> <span class='ocrx_word' id='word_1_170' title='bbox 513 1518 641 1568; x_wconf 84' lang='lat' dir='ltr'>atque</span> <span class='ocrx_word' id='word_1_171' title='bbox 670 1511 908 1554; x_wconf 87' lang='lat' dir='ltr'>interficere</span> <span class='ocrx_word' id='word_1_172' title='bbox 945 1511 1201 1567; x_wconf 84' lang='lat' dir='ltr'>cogitabant.</span> <span class='ocrx_word' id='word_1_173' title='bbox 1252 1510 1508 1555; x_wconf 82' lang='lat' dir='ltr'>Adelbertus</span> <span class='ocrx_word' id='word_1_174' title='bbox 1536 1513 1681 1568; x_wconf 86' lang='lat' dir='ltr'>itaque</span> <span class='ocrx_word' id='word_1_175' title='bbox 1716 1525 1815 1569; x_wconf 86' lang='lat' dir='ltr'>pro-</span> 
     </span>
     <span class='ocr_line' id='line_1_24' title="bbox 326 1566 1810 1623; baseline 0.002 -15"><span class='ocrx_word' id='word_1_176' title='bbox 326 1567 430 1610; x_wconf 89' lang='lat' dir='ltr'>ludii</span> <span class='ocrx_word' id='word_1_177' title='bbox 460 1567 702 1609; x_wconf 88' lang='lat' dir='ltr'>huiusmodi</span> <span class='ocrx_word' id='word_1_178' title='bbox 727 1581 812 1609; x_wconf 91' lang='lat' dir='ltr'>non</span> <span class='ocrx_word' id='word_1_179' title='bbox 848 1566 984 1609; x_wconf 89' lang='lat' dir='ltr'>solum</span> <span class='ocrx_word' id='word_1_180' title='bbox 1019 1582 1191 1623; x_wconf 89' lang='lat' dir='ltr'>gnarus,</span> <span class='ocrx_word' id='word_1_181' title='bbox 1231 1582 1380 1611; x_wconf 88' lang='lat' dir='ltr'>verum</span> <span class='ocrx_word' id='word_1_182' title='bbox 1418 1568 1545 1611; x_wconf 87' lang='lat' dir='ltr'>etiam</span> <span class='ocrx_word' id='word_1_183' title='bbox 1581 1567 1810 1622; x_wconf 79' lang='lat' dir='ltr'>debriatus,</span> 
     </span>
     <span class='ocr_line' id='line_1_25' title="bbox 328 1622 1814 1680; baseline 0.001 -16"><span class='ocrx_word' id='word_1_184' title='bbox 328 1623 496 1665; x_wconf 84' lang='lat' dir='ltr'>obviam</span> <span class='ocrx_word' id='word_1_185' title='bbox 535 1623 600 1665; x_wconf 89' lang='lat' dir='ltr'>his</span> <span class='ocrx_word' id='word_1_186' title='bbox 635 1629 724 1665; x_wconf 89' lang='lat' dir='ltr'>tam</span> <span class='ocrx_word' id='word_1_187' title='bbox 761 1622 887 1679; x_wconf 88' lang='lat' dir='ltr'>longe</span> <span class='ocrx_word' id='word_1_188' title='bbox 925 1637 951 1664; x_wconf 90' lang='lat' dir='ltr'>a</span> <span class='ocrx_word' id='word_1_189' title='bbox 989 1629 1127 1665; x_wconf 90' lang='lat' dir='ltr'>castro</span> <span class='ocrx_word' id='word_1_190' title='bbox 1166 1630 1446 1680; x_wconf 88' lang='lat' dir='ltr'>processerat,</span> <span class='ocrx_word' id='word_1_191' title='bbox 1489 1630 1538 1667; x_wconf 89' lang='lat' dir='ltr'>ut</span> <span class='ocrx_word' id='word_1_192' title='bbox 1574 1638 1662 1667; x_wconf 89' lang='lat' dir='ltr'>non</span> <span class='ocrx_word' id='word_1_193' title='bbox 1698 1622 1814 1666; x_wconf 86' lang='lat' dir='ltr'>hunc</span> 
     </span>
     <span class='ocr_line' id='line_1_26' title="bbox 326 1678 1814 1737; baseline 0.002 -17"><span class='ocrx_word' id='word_1_194' title='bbox 326 1678 481 1721; x_wconf 88' lang='lat' dir='ltr'>milites</span> <span class='ocrx_word' id='word_1_195' title='bbox 524 1693 711 1735; x_wconf 89' lang='lat' dir='ltr'>eousque</span> <span class='ocrx_word' id='word_1_196' title='bbox 755 1694 810 1721; x_wconf 85' lang='lat' dir='ltr'>ex</span> <span class='ocrx_word' id='word_1_197' title='bbox 854 1678 1106 1722; x_wconf 88' lang='lat' dir='ltr'>adversariis</span> <span class='ocrx_word' id='word_1_198' title='bbox 1153 1695 1244 1723; x_wconf 86' lang='lat' dir='ltr'>esse</span> <span class='ocrx_word' id='word_1_199' title='bbox 1296 1686 1602 1736; x_wconf 80' lang='lat' dir='ltr'>cognoscerent</span> <span class='ocrx_word' id='word_1_200' title='bbox 1671 1678 1814 1737; x_wconf 79' lang='lat' dir='ltr'>quoad</span> 
     </span>
     <span class='ocr_line' id='line_1_27' title="bbox 327 1734 1813 1789; baseline 0.001 -12"><span class='ocrx_word' id='word_1_201' title='bbox 327 1749 472 1777; x_wconf 88' lang='lat' dir='ltr'>eorum</span> <span class='ocrx_word' id='word_1_202' title='bbox 515 1734 754 1777; x_wconf 89' lang='lat' dir='ltr'>cervicibus</span> <span class='ocrx_word' id='word_1_203' title='bbox 792 1735 914 1777; x_wconf 84' lang='lat' dir='ltr'>istius</span> <span class='ocrx_word' id='word_1_204' title='bbox 954 1749 1101 1777; x_wconf 86' lang='lat' dir='ltr'>mucro</span> <span class='ocrx_word' id='word_1_205' title='bbox 1142 1735 1285 1778; x_wconf 88' lang='lat' dir='ltr'>caedis</span> <span class='ocrx_word' id='word_1_206' title='bbox 1326 1737 1370 1778; x_wconf 90' lang='lat' dir='ltr'>in</span> <span class='ocrx_word' id='word_1_207' title='bbox 1402 1736 1547 1779; x_wconf 84' lang='lat' dir='ltr'>aciens</span> <span class='ocrx_word' id='word_1_208' title='bbox 1618 1735 1813 1789; x_wconf 81' lang='lat' dir='ltr'>eseviret,</span> 
     </span>
     <span class='ocr_line' id='line_1_28' title="bbox 325 1790 1814 1846; baseline 0.002 -14"><span class='ocrx_word' id='word_1_209' title='bbox 325 1791 460 1846; x_wconf 88' lang='lat' dir='ltr'>Igitur</span> <span class='ocrx_word' id='word_1_210' title='bbox 499 1805 595 1832; x_wconf 90' lang='lat' dir='ltr'>cum</span> <span class='ocrx_word' id='word_1_211' title='bbox 634 1791 855 1846; x_wconf 87' lang='lat' dir='ltr'>septennio</span> <span class='ocrx_word' id='word_1_212' title='bbox 891 1791 1052 1833; x_wconf 83' lang='lat' dir='ltr'>ferme⁴</span> <span class='ocrx_word' id='word_1_213' title='bbox 1088 1790 1344 1834; x_wconf 87' lang='lat' dir='ltr'>Adelbertus</span> <span class='ocrx_word' id='word_1_214' title='bbox 1410 1806 1503 1835; x_wconf 84' lang='lat' dir='ltr'>eros</span> <span class='ocrx_word' id='word_1_215' title='bbox 1539 1790 1814 1835; x_wconf 84' lang='lat' dir='ltr'>rebellionem</span> 
     </span>
     <span class='ocr_line' id='line_1_29' title="bbox 326 1845 1812 1900; baseline 0.001 -12"><span class='ocrx_word' id='word_1_216' title='bbox 326 1845 567 1888; x_wconf 85' lang='lat' dir='ltr'>huiusmodi</span> <span class='ocrx_word' id='word_1_217' title='bbox 612 1853 843 1900; x_wconf 83' lang='lat' dir='ltr'>exerceret,</span> <span class='ocrx_word' id='word_1_218' title='bbox 888 1847 1025 1890; x_wconf 87' lang='lat' dir='ltr'>sciens</span> <span class='ocrx_word' id='word_1_219' title='bbox 1053 1847 1319 1890; x_wconf 89' lang='lat' dir='ltr'>Hulodoicus</span> <span class='ocrx_word' id='word_1_220' title='bbox 1351 1849 1474 1891; x_wconf 85' lang='lat' dir='ltr'>istius</span> <span class='ocrx_word' id='word_1_221' title='bbox 1501 1847 1670 1892; x_wconf 84' lang='lat' dir='ltr'>audatie</span> <span class='ocrx_word' id='word_1_222' title='bbox 1696 1847 1812 1890; x_wconf 85' lang='lat' dir='ltr'>forti-</span> 
     </span>
     <span class='ocr_line' id='line_1_30' title="bbox 324 1902 1813 1962; baseline 0.002 -18"><span class='ocrx_word' id='word_1_223' title='bbox 324 1902 514 1945; x_wconf 91' lang='lat' dir='ltr'>tudinem</span> <span class='ocrx_word' id='word_1_224' title='bbox 542 1902 873 1959; x_wconf 82' lang='lat' dir='ltr'>haudquaquam</span> <span class='ocrx_word' id='word_1_225' title='bbox 903 1917 947 1945; x_wconf 89' lang='lat' dir='ltr'>se</span> <span class='ocrx_word' id='word_1_226' title='bbox 976 1903 1058 1945; x_wconf 90' lang='lat' dir='ltr'>nisi</span> <span class='ocrx_word' id='word_1_227' title='bbox 1094 1905 1444 1960; x_wconf 85' lang='lat' dir='ltr'>tergiversatione</span> <span class='ocrx_word' id='word_1_228' title='bbox 1473 1903 1659 1962; x_wconf 83' lang='lat' dir='ltr'>quadam</span> <span class='ocrx_word' id='word_1_229' title='bbox 1686 1918 1813 1961; x_wconf 80' lang='lat' dir='ltr'>posse</span> 
     </span>
     <span class='ocr_line' id='line_1_31' title="bbox 326 1958 1812 2018; baseline 0.002 -18"><span class='ocrx_word' id='word_1_230' title='bbox 326 1958 564 2011; x_wconf 88' lang='lat' dir='ltr'>devincere,</span> <span class='ocrx_word' id='word_1_231' title='bbox 592 1958 823 2001; x_wconf 88' lang='lat' dir='ltr'>Hattonem</span> <span class='ocrx_word' id='word_1_232' title='bbox 843 1959 889 2000; x_wconf 92' lang='lat' dir='ltr'>M</span> <span class='ocrx_word' id='word_1_233' title='bbox 946 1960 1114 2002; x_wconf 88' lang='lat' dir='ltr'>ontinae</span> <span class='ocrx_word' id='word_1_234' title='bbox 1134 1960 1245 2003; x_wconf 89' lang='lat' dir='ltr'>sedis</span> <span class='ocrx_word' id='word_1_235' title='bbox 1264 1960 1635 2018; x_wconf 87' lang='lat' dir='ltr'>archiepiscopum</span> <span class='ocrx_word' id='word_1_236' title='bbox 1646 1967 1677 2015; x_wconf 77' lang='lat'>⁵,</span> <span class='ocrx_word' id='word_1_237' title='bbox 1706 1959 1812 2017; x_wconf 86' lang='lat' dir='ltr'>quid</span> 
     </span>
     <span class='ocr_line' id='line_1_32' title="bbox 325 1973 1812 2071; baseline 0.001 -15"><span class='ocrx_word' id='word_1_238' title='bbox 325 2014 406 2056; x_wconf 89' lang='lat' dir='ltr'>sibi</span> <span class='ocrx_word' id='word_1_239' title='bbox 437 2028 563 2070; x_wconf 87' lang='lat' dir='ltr'>super</span> <span class='ocrx_word' id='word_1_240' title='bbox 590 2013 669 2056; x_wconf 88' lang='lat' dir='ltr'>hac</span> <span class='ocrx_word' id='word_1_241' title='bbox 699 2029 744 2057; x_wconf 92' lang='lat' dir='ltr'>re</span> <span class='ocrx_word' id='word_1_242' title='bbox 772 1973 1017 2057; x_wconf 54' lang='lat' dir='ltr'>facieffium</span> <span class='ocrx_word' id='word_1_243' title='bbox 1054 2022 1177 2070; x_wconf 88' lang='lat' dir='ltr'>esset,</span> <span class='ocrx_word' id='word_1_244' title='bbox 1219 2015 1443 2060; x_wconf 84' lang='lat' dir='ltr'>consuluit.</span> <span class='ocrx_word' id='word_1_245' title='bbox 1499 2015 1599 2071; x_wconf 80' lang='lat' dir='ltr'>Qui,</span> <span class='ocrx_word' id='word_1_246' title='bbox 1635 2022 1685 2059; x_wconf 87' lang='lat' dir='ltr'>ut</span> <span class='ocrx_word' id='word_1_247' title='bbox 1720 2020 1812 2059; x_wconf 79' lang='lat' dir='ltr'>erat</span> 
     </span>
     <span class='ocr_line' id='line_1_33' title="bbox 325 2069 1811 2127; baseline 0.003 -16"><span class='ocrx_word' id='word_1_248' title='bbox 325 2070 510 2112; x_wconf 88' lang='lat' dir='ltr'>versutie</span> <span class='ocrx_word' id='word_1_249' title='bbox 539 2069 721 2127; x_wconf 89' lang='lat' dir='ltr'>pollens:</span> <span class='ocrx_word' id='word_1_250' title='bbox 763 2070 960 2124; x_wconf 88' lang='lat' dir='ltr'>‘Desine’,</span> <span class='ocrx_word' id='word_1_251' title='bbox 991 2072 1067 2126; x_wconf 82' lang='lat' dir='ltr'>ait3</span> <span class='ocrx_word' id='word_1_252' title='bbox 1113 2077 1148 2114; x_wconf 85' lang='lat' dir='ltr'>‘e</span> <span class='ocrx_word' id='word_1_253' title='bbox 1181 2087 1205 2114; x_wconf 94' lang='lat' dir='ltr'>o</span> <span class='ocrx_word' id='word_1_254' title='bbox 1234 2079 1275 2115; x_wconf 91' lang='lat' dir='ltr'>te</span> <span class='ocrx_word' id='word_1_255' title='bbox 1306 2087 1502 2116; x_wconf 85' lang='lat' dir='ltr'>securum</span> <span class='ocrx_word' id='word_1_256' title='bbox 1529 2073 1583 2115; x_wconf 82' lang='lat' dir='ltr'>iis</span> <span class='ocrx_word' id='word_1_257' title='bbox 1612 2070 1811 2116; x_wconf 80' lang='lat' dir='ltr'>sollicitu-</span> 
     </span>
     <span class='ocr_line' id='line_1_34' title="bbox 325 2125 1802 2185; baseline 0.003 -18"><span class='ocrx_word' id='word_1_258' title='bbox 325 2125 495 2168; x_wconf 89' lang='lat' dir='ltr'>dinibus</span> <span class='ocrx_word' id='word_1_259' title='bbox 523 2125 712 2168; x_wconf 88' lang='lat' dir='ltr'>reddam.</span> <span class='ocrx_word' id='word_1_260' title='bbox 770 2126 879 2182; x_wconf 88' lang='lat' dir='ltr'>Ego,</span> <span class='ocrx_word' id='word_1_261' title='bbox 916 2133 964 2169; x_wconf 89' lang='lat' dir='ltr'>ut</span> <span class='ocrx_word' id='word_1_262' title='bbox 990 2133 1075 2170; x_wconf 88' lang='lat' dir='ltr'>tete</span> <span class='ocrx_word' id='word_1_263' title='bbox 1111 2143 1137 2170; x_wconf 92' lang='lat' dir='ltr'>a</span> <span class='ocrx_word' id='word_1_264' title='bbox 1168 2130 1324 2182; x_wconf 85' lang='lat' dir='ltr'>veniat,</span> <span class='ocrx_word' id='word_1_265' title='bbox 1393 2127 1618 2183; x_wconf 83' lang='lat' dir='ltr'>rovideb03</span> <span class='ocrx_word' id='word_1_266' title='bbox 1658 2133 1721 2183; x_wconf 87' lang='lat' dir='ltr'>tu,</span> <span class='ocrx_word' id='word_1_267' title='bbox 1742 2167 1760 2185; x_wconf 42' lang='lat'>³,</span> <span class='ocrx_word' id='word_1_268' title='bbox 1781 2136 1802 2178; x_wconf 64' lang='lat' dir='ltr'>j</span> 
     </span>
     <span class='ocr_line' id='line_1_35' title="bbox 324 2144 1814 2243; baseline 0.003 -20"><span class='ocrx_word' id='word_1_269' title='bbox 324 2181 480 2235; x_wconf 86' lang='lat' dir='ltr'>redeat,</span> <span class='ocrx_word' id='word_1_270' title='bbox 519 2181 690 2224; x_wconf 86' lang='lat' dir='ltr'>curato&#39;.</span> <span class='ocrx_word' id='word_1_271' title='bbox 756 2182 889 2225; x_wconf 87' lang='lat' dir='ltr'>Hatto</span> <span class='ocrx_word' id='word_1_272' title='bbox 925 2183 1070 2240; x_wconf 89' lang='lat' dir='ltr'>itaque</span> <span class='ocrx_word' id='word_1_273' title='bbox 1103 2185 1233 2226; x_wconf 89' lang='lat' dir='ltr'>animi</span> <span class='ocrx_word' id='word_1_274' title='bbox 1272 2144 1539 2238; x_wconf 42' lang='lat' dir='ltr'>conibentia,</span> <span class='ocrx_word' id='word_1_275' title='bbox 1584 2198 1670 2242; x_wconf 88' lang='lat' dir='ltr'>qua</span> <span class='ocrx_word' id='word_1_276' title='bbox 1743 2185 1776 2243; x_wconf 33' lang='grc' dir='ltr'>,ζ’</span> <span class='ocrx_word' id='word_1_277' title='bbox 1811 2175 1814 2189; x_wconf 80' lang='lat'>&#39;</span> 
     </span>
     <span class='ocr_line' id='line_1_36' title="bbox 324 2236 1812 2295; baseline 0.003 -17"><span class='ocrx_word' id='word_1_278' title='bbox 324 2236 460 2279; x_wconf 83' lang='lat' dir='ltr'>nquas</span> <span class='ocrx_word' id='word_1_279' title='bbox 488 2252 556 2280; x_wconf 90' lang='lat' dir='ltr'>res</span> <span class='ocrx_word' id='word_1_280' title='bbox 585 2253 640 2280; x_wconf 86' lang='lat' dir='ltr'>ex</span> <span class='ocrx_word' id='word_1_281' title='bbox 659 2238 888 2280; x_wconf 89' lang='lat' dir='ltr'>infortunio</span> <span class='ocrx_word' id='word_1_282' title='bbox 909 2239 1118 2282; x_wconf 86' lang='lat' dir='ltr'>secundas</span> <span class='ocrx_word' id='word_1_283' title='bbox 1138 2240 1349 2295; x_wconf 85' lang='lat' dir='ltr'>effecerat,</span> <span class='ocrx_word' id='word_1_284' title='bbox 1377 2241 1600 2294; x_wconf 80' lang='lat' dir='ltr'>animatus,</span> <span class='ocrx_word' id='word_1_285' title='bbox 1629 2240 1696 2283; x_wconf 85' lang='lat' dir='ltr'>Ba</span> <span class='ocrx_word' id='word_1_286' title='bbox 1749 2239 1781 2288; x_wconf 32' lang='grc' dir='ltr'>ἦ</span> <span class='ocrx_word' id='word_1_287' title='bbox 1808 2279 1812 2282; x_wconf 84' lang='grc'><em>.</em></span> 
     </span>
     <span class='ocr_line' id='line_1_37' title="bbox 324 2292 1811 2352; baseline 0.003 -18"><span class='ocrx_word' id='word_1_288' title='bbox 324 2292 458 2348; x_wconf 84' lang='lat' dir='ltr'>berg⁶</span> <span class='ocrx_word' id='word_1_289' title='bbox 490 2294 609 2350; x_wconf 88' lang='lat' dir='ltr'>quasi</span> <span class='ocrx_word' id='word_1_290' title='bbox 638 2293 918 2337; x_wconf 86' lang='lat' dir='ltr'>Adelbertum</span> <span class='ocrx_word' id='word_1_291' title='bbox 948 2296 1053 2337; x_wconf 89' lang='lat' dir='ltr'>adiit</span> <span class='ocrx_word' id='word_1_292' title='bbox 1083 2310 1380 2352; x_wconf 86' lang='lat' dir='ltr'>conpassurus.</span> <span class='ocrx_word' id='word_1_293' title='bbox 1444 2294 1528 2343; x_wconf 73' lang='lat' dir='ltr'>Cui</span> <span class='ocrx_word' id='word_1_294' title='bbox 1556 2303 1599 2340; x_wconf 89' lang='lat' dir='ltr'>et</span> <span class='ocrx_word' id='word_1_295' title='bbox 1625 2297 1703 2339; x_wconf 86' lang='lat' dir='ltr'>ait:</span> <span class='ocrx_word' id='word_1_296' title='bbox 1747 2298 1760 2322; x_wconf 86' lang='lat'>‘</span> <span class='ocrx_word' id='word_1_297' title='bbox 1793 2309 1811 2338; x_wconf 86' lang='lat'>1</span> 
     </span>
     <span class='ocr_line' id='line_1_38' title="bbox 325 2348 1809 2410; baseline 0.003 -21"><span class='ocrx_word' id='word_1_298' title='bbox 325 2354 367 2390; x_wconf 92' lang='lat' dir='ltr'>et</span> <span class='ocrx_word' id='word_1_299' title='bbox 394 2362 477 2390; x_wconf 91' lang='lat' dir='ltr'>non</span> <span class='ocrx_word' id='word_1_300' title='bbox 515 2348 641 2391; x_wconf 88' lang='lat' dir='ltr'>aliam</span> <span class='ocrx_word' id='word_1_301' title='bbox 670 2350 800 2392; x_wconf 90' lang='lat' dir='ltr'>vitam</span> <span class='ocrx_word' id='word_1_302' title='bbox 840 2357 983 2407; x_wconf 89' lang='lat' dir='ltr'>preter</span> <span class='ocrx_word' id='word_1_303' title='bbox 1011 2352 1236 2395; x_wconf 84' lang='lat' dir='ltr'>instantem</span> <span class='ocrx_word' id='word_1_304' title='bbox 1266 2359 1451 2410; x_wconf 86' lang='lat' dir='ltr'>putares,</span> <span class='ocrx_word' id='word_1_305' title='bbox 1482 2359 1628 2397; x_wconf 83' lang='lat' dir='ltr'>tamen</span> <span class='ocrx_word' id='word_1_306' title='bbox 1653 2351 1809 2395; x_wconf 70' lang='lat' dir='ltr'>iniuste</span> 
     </span>
    </p>
   </div>
   <div class='ocr_carea' id='block_1_3' title="bbox 1696 1054 1838 2900">
    <p class='ocr_par' dir='ltr' id='par_1_3' title="bbox 1696 1054 1838 2900">
     <span class='ocr_line' id='line_1_39' title="bbox 1829 1054 1838 1204; baseline 0 -55"><span class='ocrx_word' id='word_1_307' title='bbox 1829 1054 1838 1204; x_wconf 95' lang='lat' dir='ltr'>  </span> 
     </span>
     <span class='ocr_line' id='line_1_40' title="bbox 1825 1204 1838 1443; baseline 0 0"><span class='ocrx_word' id='word_1_308' title='bbox 1825 1204 1838 1443; x_wconf 95' lang='lat' dir='ltr'>    </span> 
     </span>
     <span class='ocr_line' id='line_1_41' title="bbox 1820 1443 1838 1709; baseline 0 -58"><span class='ocrx_word' id='word_1_309' title='bbox 1820 1443 1838 1709; x_wconf 95' lang='lat' dir='ltr'>    </span> 
     </span>
     <span class='ocr_line' id='line_1_42' title="bbox 1819 1709 1838 1803; baseline 0 -23"><span class='ocrx_word' id='word_1_310' title='bbox 1819 1709 1838 1803; x_wconf 95' lang='lat' dir='ltr'>  </span> 
     </span>
     <span class='ocr_line' id='line_1_43' title="bbox 1815 1803 1838 1868; baseline 0 -11"><span class='ocrx_word' id='word_1_311' title='bbox 1815 1803 1838 1868; x_wconf 95' lang='lat' dir='ltr'>  </span> 
     </span>
     <span class='ocr_line' id='line_1_44' title="bbox 1815 1868 1838 2117; baseline 0 -56"><span class='ocrx_word' id='word_1_312' title='bbox 1815 1868 1838 2117; x_wconf 95' lang='lat' dir='ltr'>   </span> 
     </span>
     <span class='ocr_line' id='line_1_45' title="bbox 1696 2117 1838 2270; baseline 0 0"><span class='ocrx_word' id='word_1_313' title='bbox 1696 2117 1838 2270; x_wconf 95' lang='lat' dir='ltr'>   </span> 
     </span>
     <span class='ocr_line' id='line_1_46' title="bbox 1811 2270 1838 2473; baseline 0 -32"><span class='ocrx_word' id='word_1_314' title='bbox 1811 2270 1838 2473; x_wconf 95' lang='lat' dir='ltr'>    </span> 
     </span>
     <span class='ocr_line' id='line_1_47' title="bbox 1809 2473 1838 2705; baseline 0 0"><span class='ocrx_word' id='word_1_315' title='bbox 1809 2473 1838 2705; x_wconf 95' lang='lat' dir='ltr'>   </span> 
     </span>
     <span class='ocr_line' id='line_1_48' title="bbox 1805 2705 1838 2900; baseline 0 -102"><span class='ocrx_word' id='word_1_316' title='bbox 1805 2705 1838 2900; x_wconf 95' lang='lat' dir='ltr'>     </span> 
     </span>
    </p>
   </div>
   <div class='ocr_carea' id='block_1_4' title="bbox 324 2486 1810 2561">
    <p class='ocr_par' dir='ltr' id='par_1_4' title="bbox 324 2486 1810 2561">
     <span class='ocr_line' id='line_1_49' title="bbox 325 2486 1810 2525; baseline 0.004 -13"><span class='ocrx_word' id='word_1_317' title='bbox 325 2486 356 2520; x_wconf 82' lang='lat' dir='ltr'>a)</span> <span class='ocrx_word' id='word_1_318' title='bbox 377 2488 440 2513; x_wconf 78' lang='lat' dir='ltr'>voti</span> <span class='ocrx_word' id='word_1_319' title='bbox 461 2495 515 2515; x_wconf 86' lang='lat' dir='ltr'>om.</span> <span class='ocrx_word' id='word_1_320' title='bbox 539 2490 552 2513; x_wconf 89' lang='lat'>1</span> <span class='ocrx_word' id='word_1_321' title='bbox 577 2495 603 2515; x_wconf 82' lang='lat' dir='ltr'>c.</span> <span class='ocrx_word' id='word_1_322' title='bbox 626 2488 689 2514; x_wconf 79' lang='lat' dir='ltr'>voti</span> <span class='ocrx_word' id='word_1_323' title='bbox 710 2489 757 2514; x_wconf 81' lang='lat' dir='ltr'>sui</span> <span class='ocrx_word' id='word_1_324' title='bbox 780 2489 808 2515; x_wconf 88' lang='grc'>5.</span> <span class='ocrx_word' id='word_1_325' title='bbox 828 2489 881 2515; x_wconf 76' lang='lat' dir='ltr'>5a.</span> <span class='ocrx_word' id='word_1_326' title='bbox 903 2488 972 2516; x_wconf 76' lang='lat' dir='ltr'>5a&#39;.</span> <span class='ocrx_word' id='word_1_327' title='bbox 1053 2490 1083 2523; x_wconf 88' lang='lat' dir='ltr'>a)</span> <span class='ocrx_word' id='word_1_328' title='bbox 1105 2491 1204 2518; x_wconf 62' lang='lat' dir='ltr'>inffisa</span> <span class='ocrx_word' id='word_1_329' title='bbox 1226 2493 1252 2516; x_wconf 88' lang='lat'>1.</span> <span class='ocrx_word' id='word_1_330' title='bbox 1323 2490 1351 2525; x_wconf 87' lang='lat' dir='ltr'>c)</span> <span class='ocrx_word' id='word_1_331' title='bbox 1372 2495 1459 2525; x_wconf 71' lang='lat' dir='ltr'>capue</span> <span class='ocrx_word' id='word_1_332' title='bbox 1478 2491 1529 2518; x_wconf 65' lang='lat' dir='ltr'>hoc</span> <span class='ocrx_word' id='word_1_333' title='bbox 1549 2494 1639 2518; x_wconf 60' lang='lat' dir='ltr'>tom</span> <span class='ocrx_word' id='word_1_334' title='bbox 1657 2490 1758 2518; x_wconf 58' lang='lat' dir='ltr'>aad&amp;</span> <span class='ocrx_word' id='word_1_335' title='bbox 1776 2491 1810 2518; x_wconf 65' lang='grc' dir='ltr'>ὴ</span> 
     </span>
     <span class='ocr_line' id='line_1_50' title="bbox 324 2526 835 2561; baseline 0.004 -9"><span class='ocrx_word' id='word_1_336' title='bbox 324 2526 466 2552; x_wconf 71' lang='lat' dir='ltr'>codicibrw</span> <span class='ocrx_word' id='word_1_337' title='bbox 486 2527 514 2553; x_wconf 82' lang='lat'>8.</span> <span class='ocrx_word' id='word_1_338' title='bbox 595 2526 626 2561; x_wconf 90' lang='lat' dir='ltr'>d)</span> <span class='ocrx_word' id='word_1_339' title='bbox 649 2527 786 2554; x_wconf 78' lang='lat' dir='ltr'>calstello</span> <span class='ocrx_word' id='word_1_340' title='bbox 809 2530 835 2554; x_wconf 88' lang='lat'>1.</span> 
     </span>
    </p>
   </div>
   <div class='ocr_carea' id='block_1_5' title="bbox 322 2630 1808 2910">
    <p class='ocr_par' dir='ltr' id='par_1_5' title="bbox 322 2630 1808 2910">
     <span class='ocr_line' id='line_1_51' title="bbox 327 2630 1806 2681; baseline 0.005 -18"><span class='ocrx_word' id='word_1_341' title='bbox 327 2630 364 2674; x_wconf 92' lang='lat'>1)</span> <span class='ocrx_word' id='word_1_342' title='bbox 402 2631 457 2665; x_wconf 82' lang='lat' dir='ltr'>ef.</span> <span class='ocrx_word' id='word_1_343' title='bbox 501 2642 532 2666; x_wconf 88' lang='lat' dir='ltr'>c.</span> <span class='ocrx_word' id='word_1_344' title='bbox 577 2632 634 2667; x_wconf 88' lang='lat'>15.</span> <span class='ocrx_word' id='word_1_345' title='bbox 676 2634 736 2669; x_wconf 84' lang='lat'>43.</span> <span class='ocrx_word' id='word_1_346' title='bbox 970 2633 1008 2677; x_wconf 84' lang='lat'>2)</span> <span class='ocrx_word' id='word_1_347' title='bbox 1051 2635 1139 2669; x_wconf 86' lang='lat' dir='ltr'>Erat</span> <span class='ocrx_word' id='word_1_348' title='bbox 1179 2637 1238 2670; x_wconf 83' lang='lat' dir='ltr'>hie</span> <span class='ocrx_word' id='word_1_349' title='bbox 1282 2636 1547 2681; x_wconf 77' lang='lat' dir='ltr'>Liudprandus‚</span> <span class='ocrx_word' id='word_1_350' title='bbox 1590 2646 1671 2670; x_wconf 85' lang='lat' dir='ltr'>cum</span> <span class='ocrx_word' id='word_1_351' title='bbox 1711 2645 1806 2670; x_wconf 77' lang='lat' dir='ltr'>anno</span> 
     </span>
     <span class='ocr_line' id='line_1_52' title="bbox 324 2680 1808 2731; baseline 0.004 -18"><span class='ocrx_word' id='word_1_352' title='bbox 324 2680 466 2714; x_wconf 82' lang='lat' dir='ltr'>demum</span> <span class='ocrx_word' id='word_1_353' title='bbox 491 2681 564 2714; x_wconf 82' lang='lat'>924</span> <span class='ocrx_word' id='word_1_354' title='bbox 588 2681 779 2716; x_wconf 82' lang='lat' dir='ltr'>Heinrieus</span> <span class='ocrx_word' id='word_1_355' title='bbox 805 2683 898 2717; x_wconf 86' lang='lat' dir='ltr'>Saxo</span> <span class='ocrx_word' id='word_1_356' title='bbox 924 2683 1118 2726; x_wconf 82' lang='lat' dir='ltr'>Hungariis</span> <span class='ocrx_word' id='word_1_357' title='bbox 1139 2685 1307 2719; x_wconf 75' lang='lat' dir='ltr'>tributum</span> <span class='ocrx_word' id='word_1_358' title='bbox 1333 2697 1396 2730; x_wconf 87' lang='lat' dir='ltr'>pro</span> <span class='ocrx_word' id='word_1_359' title='bbox 1421 2696 1512 2731; x_wconf 80' lang='lat' dir='ltr'>pace</span> <span class='ocrx_word' id='word_1_360' title='bbox 1538 2684 1712 2719; x_wconf 78' lang='lat' dir='ltr'>firmanda</span> <span class='ocrx_word' id='word_1_361' title='bbox 1726 2695 1808 2730; x_wconf 82' lang='lat' dir='ltr'>pro·</span> 
     </span>
     <span class='ocr_line' id='line_1_53' title="bbox 323 2730 1807 2775; baseline 0.004 -13"><span class='ocrx_word' id='word_1_362' title='bbox 323 2730 469 2771; x_wconf 83' lang='lat' dir='ltr'>miserit,</span> <span class='ocrx_word' id='word_1_363' title='bbox 496 2730 540 2764; x_wconf 84' lang='lat' dir='ltr'>cf.</span> <span class='ocrx_word' id='word_1_364' title='bbox 566 2730 657 2763; x_wconf 82' lang='lat' dir='ltr'>infra</span> <span class='ocrx_word' id='word_1_365' title='bbox 683 2742 713 2766; x_wconf 90' lang='lat' dir='ltr'>c.</span> <span class='ocrx_word' id='word_1_366' title='bbox 741 2731 799 2765; x_wconf 81' lang='lat'>24.</span> <span class='ocrx_word' id='word_1_367' title='bbox 897 2730 938 2775; x_wconf 89' lang='grc'>3)</span> <span class='ocrx_word' id='word_1_368' title='bbox 963 2732 1076 2766; x_wconf 85' lang='lat' dir='ltr'>Filius</span> <span class='ocrx_word' id='word_1_369' title='bbox 1102 2734 1264 2768; x_wconf 85' lang='lat' dir='ltr'>Heinrici</span> <span class='ocrx_word' id='word_1_370' title='bbox 1291 2736 1431 2769; x_wconf 84' lang='lat' dir='ltr'>comitis</span> <span class='ocrx_word' id='word_1_371' title='bbox 1456 2734 1515 2769; x_wconf 87' lang='lat' dir='ltr'>vel</span> <span class='ocrx_word' id='word_1_372' title='bbox 1540 2734 1641 2768; x_wconf 77' lang='lat' dir='ltr'>ducis</span> <span class='ocrx_word' id='word_1_373' title='bbox 1660 2733 1807 2768; x_wconf 67' lang='lat' dir='ltr'>Austra-</span> 
     </span>
     <span class='ocr_line' id='line_1_54' title="bbox 323 2779 1807 2828; baseline 0.003 -17"><span class='ocrx_word' id='word_1_374' title='bbox 323 2779 464 2812; x_wconf 85' lang='lat' dir='ltr'>siorum.</span> <span class='ocrx_word' id='word_1_375' title='bbox 611 2779 648 2821; x_wconf 82' lang='lat'>4)</span> <span class='ocrx_word' id='word_1_376' title='bbox 683 2780 923 2822; x_wconf 82' lang='lat' dir='ltr'>Quadriennio</span> <span class='ocrx_word' id='word_1_377' title='bbox 954 2782 1085 2825; x_wconf 85' lang='lat' dir='ltr'>potius.</span> <span class='ocrx_word' id='word_1_378' title='bbox 1234 2782 1272 2825; x_wconf 76' lang='grc' dir='ltr'>ὅ)</span> <span class='ocrx_word' id='word_1_379' title='bbox 1307 2783 1501 2818; x_wconf 85' lang='lat' dir='ltr'>Hattonem</span> <span class='ocrx_word' id='word_1_380' title='bbox 1527 2783 1547 2817; x_wconf 96' lang='lat'>1</span> <span class='ocrx_word' id='word_1_381' title='bbox 1564 2779 1807 2828; x_wconf 77' lang='lat'>(891-913).</span> 
     </span>
     <span class='ocr_line' id='line_1_55' title="bbox 324 2824 1805 2875; baseline 0.005 -16"><span class='ocrx_word' id='word_1_382' title='bbox 324 2824 362 2869; x_wconf 82' lang='grc'>6)</span> <span class='ocrx_word' id='word_1_383' title='bbox 389 2827 468 2860; x_wconf 84' lang='lat' dir='ltr'>Non</span> <span class='ocrx_word' id='word_1_384' title='bbox 502 2827 774 2872; x_wconf 78' lang='lat' dir='ltr'>Babenbergae,</span> <span class='ocrx_word' id='word_1_385' title='bbox 806 2829 871 2863; x_wconf 85' lang='lat' dir='ltr'>sed</span> <span class='ocrx_word' id='word_1_386' title='bbox 904 2831 952 2863; x_wconf 83' lang='lat' dir='ltr'>‘in</span> <span class='ocrx_word' id='word_1_387' title='bbox 980 2834 1095 2864; x_wconf 80' lang='lat' dir='ltr'>castro</span> <span class='ocrx_word' id='word_1_388' title='bbox 1122 2831 1216 2875; x_wconf 87' lang='lat' dir='ltr'>quod</span> <span class='ocrx_word' id='word_1_389' title='bbox 1249 2832 1399 2866; x_wconf 85' lang='lat' dir='ltr'>Terassa</span> <span class='ocrx_word' id='word_1_390' title='bbox 1425 2832 1564 2866; x_wconf 83' lang='lat' dir='ltr'>dicitnr‘</span> <span class='ocrx_word' id='word_1_391' title='bbox 1588 2830 1805 2866; x_wconf 75' lang='lat' dir='ltr'>Adalbertus</span> 
     </span>
     <span class='ocr_line' id='line_1_56' title="bbox 322 2875 578 2910; baseline 0.004 -1"><span class='ocrx_word' id='word_1_392' title='bbox 322 2875 488 2910; x_wconf 84' lang='lat' dir='ltr'>obsessus</span> <span class='ocrx_word' id='word_1_393' title='bbox 514 2879 578 2910; x_wconf 83' lang='lat' dir='ltr'>est.</span> 
     </span>
    </p>
   </div>
  </div>
 </body>
</html>
