1838 3210
431 207 735 244 LIUDPRANDI
760 210 985 246 LEGATIO.
1036 210 1155 244 36-3
1162 212 1191 244 7.
1490 212 1555 245 151

77 319 241 363 sitionis
270 320 459 364 eiusdem
489 336 616 365 causa
653 321 840 375 substiti3
877 335 991 365 nunc
1021 323 1057 364 si
1085 329 1126 365 te
1156 328 1350 365 sanctum
1378 323 1557 380 impera-
1573 339 1640 368 ⁹⁶⁸.

51 392 58 406 ··
74 381 211 420 torem
256 376 423 420 visendi
469 377 726 421 desiderium
770 376 941 432 obtinet,
985 385 1027 422 et
1069 379 1105 421 si
1148 378 1393 444 quidquam,
1471 379 1557 422 uod

48 431 259 477 necdum
301 433 560 490 prodideris,
603 434 754 487 habes,
803 433 1013 477 edissere'.
1085 433 1167 478 Oui
1210 435 1404 492 inquam:
1453 441 1463 460 ⁴
1508 450 1556 478 ec

74 493 269 531 sanctum
288 489 584 546 imperatorem
604 489 791 544 videndi,
821 504 899 533 nec
919 491 981 533 rei
998 504 1136 533 novae
1164 490 1400 533 narrandae
1418 490 1556 534 habeo

50 568 53 598 J
74 557 268 599 causam;
308 559 441 588 unum
470 546 551 589 hoc
583 552 695 612 peto,
734 545 969 589 secundum
1003 547 1139 589 sancti
1177 546 1342 604 imperii
1381 548 1558 604 promis-

75 600 251 654 sionem,
267 606 314 643 ut
333 600 561 645 chelandiis
581 618 624 644 m
642 602 987 645 Anchonitanum
1005 609 1174 660 portum
1194 617 1329 668 usque
1349 601 1557 646 deducat’.

74 655 173 710 Quo
211 657 356 700 audito
399 685 455 690 —
497 666 543 702 ut
577 665 675 701 sunt
704 657 859 702 Graeci
896 673 973 715 per
1011 665 1139 716 caput
1180 657 1351 702 alterms
1390 674 1559 717 semper

44 742 51 770 3
73 711 214 755 iurare
242 713 407 770 parati¹
445 741 500 746 —
537 729 614 771 per
650 715 709 757 im
741 714 967 758 cratorium
1007 722 1148 772 caput,
1219 729 1266 757 er
1301 715 1434 758 vitam
1461 729 1558 772 pro-

40 806 43 808 .
71 769 224 827 priam,
252 784 330 826 per
357 768 524 824 liberos,
554 785 661 828 quos
720 785 794 814 eus
823 771 894 825 ita,
924 776 971 813 ut
997 785 1147 814 verum
1205 771 1214 780 '
1251 771 1293 827 ·t,
1324 778 1558 826 conservet,

73 840 119 868 se
166 824 210 867 id
258 839 352 867 com
385 824 579 880 leturum,
627 827 765 870 iurare
813 827 964 892 coepit.
1025 826 1106 870 Cui
1151 841 1267 869 cum:
1317 826 1557 881 Quando?

74 880 278 935 dicerem,
318 886 328 908 ‘
378 896 435 924 ox
472 882 740 937 discedente’,
784 883 944 940 inqmt,
988 883 1274 940 ‘imperatore3
1318 882 1443 927 delon
1474 884 1558 926 aris

73 937 199 991 enim,
228 936 309 980 sub
340 938 461 981 cuius
490 953 619 981 manu
647 939 819 982 navium
849 946 914 982 est
941 940 1078 982 omnis
1107 946 1306 997 potestas,
1335 954 1430 983 rece
1463 947 1558 983 ente

36 1019 38 1021 ·
73 999 221 1037 sancto
263 993 529 1051 imperatore,
574 1009 720 1038 curam
763 996 824 1038 tui
866 997 989 1052 aget‘.
1054 995 1148 1038 Hac
1187 1010 1263 1053 spe
1301 994 1557 1051 ludificatus,

31 1068 40 1075 ⁷·
72 1047 209 1093 laetus
238 1050 293 1093 ab
322 1064 373 1093 eo
402 1051 570 1094 recessi.

38 1148 41 1153 ,
185 1106 253 1148 36.
282 1106 386 1149 Post
413 1115 659 1164 sequentem
678 1122 780 1150 vero
800 1106 927 1162 diem,
958 1106 1163 1150 sabbatho
1185 1106 1357 1162 scilicet,
1387 1108 1431 1150 in
1451 1108 1556 1151 Um·
1570 1126 1629 1154 Iul.
1652 1125 1697 1153 ιο.

74 1160 225 1216 briam,
255 1162 330 1220 qui
358 1168 421 1205 est
458 1162 576 1205 locus
613 1162 760 1206 decem
798 1170 838 1206 et
869 1170 964 1206 octo
994 1162 1229 1206 miliaribus
1260 1163 1556 1207 Constantino-

74 1216 383 1317 &litagistantz
434 1218 701 1317 Nigephorus
744 1234 812 1262 me
854 1219 1055 1318 accemiri
1083 1219 1230 1317 liubet3
1279 1220 1349 1262 cui
1393 1227 1435 1263 et
1478 1221 1554 1287 ait:

36 1311 47 1314 ,
126 1289 155 1316 u
257 1289 299 1316 m
440 1289 483 1317 m
541 1290 583 1317 m
612 1290 653 1317 v1
779 1290 822 1317 m
1013 1290 1036 1318 e
1114 1290 1213 1318 ones
1261 1291 1303 1317 m
1365 1291 1391 1318 a

44 1346 46 1366 1
73 1328 158 1373 huc
185 1289 364 1384 vesnisse,
395 1290 443 1373 lilt
478 1289 982 1388 esmpletxgungmnffiffiff
1005 1283 1367 1387 voluntatemmeae,
1406 1283 1556 1390 §Raptza

39 1393 40 1397 ’
74 1391 191 1429 tuam
233 1386 342 1430 inter
383 1402 451 1429 me
493 1394 535 1430 et
576 1387 794 1430 dominum
838 1395 958 1430 tuum
997 1388 1274 1431 constitueres
1311 1388 1558 1432 amicitiam.

41 1466 44 1470 Α
73 1442 134 1486 Et
170 1444 370 1500 quoniam
407 1443 462 1486 ob
499 1443 638 1486 cordis
675 1444 736 1486 tui
774 1443 970 1487 duritiem
1006 1443 1050 1486 id
1087 1443 1227 1487 facere
1265 1443 1384 1499 nolis,
1426 1459 1558 1487 unum

75 1497 236 1553 saltem,
266 1498 379 1557 quod
406 1498 544 1542 facere
573 1500 682 1542 iusta
711 1500 873 1543 ratione
892 1500 1042 1557 possis,
1073 1499 1247 1554 efficit03
1279 1499 1464 1544 scilieet·
1486 1501 1558 1544 do-

39 1566 42 1570 ’
75 1555 239 1598 minum
277 1562 397 1598 tuum
440 1555 701 1613 principibus
746 1555 951 1614 Capuano
990 1563 1033 1599 et
1068 1556 1367 1600 Beneventano
1426 1557 1559 1600 servis

46 1634 50 1641 ·
74 1611 194 1667 meis,
223 1626 330 1669 quos
359 1626 414 1669 op
447 1626 608 1668 ugnare
636 1612 829 1669 dispono,
858 1611 1019 1655 nullum
1047 1611 1276 1655 auxiliumb
1296 1627 1346 1655 co
1378 1619 1559 1656 atui-um.

30 1683 33 1716 ζ
77 1666 167 1711 Sua
195 1667 268 1725 qui
298 1682 384 1710 non
426 1669 601 1724 argitur,
631 1675 776 1711 nostra
804 1667 951 1712 saltem
972 1667 1168 1712 dimittat.
1227 1669 1365 1712 Notac
1394 1684 1461 1712 res
1483 1677 1559 1724 est,

37 1747 39 1750 ⁴
77 1723 193 1781 quod
221 1738 368 1767 eorum
398 1731 540 1780 patres
568 1731 610 1767 et
644 1724 713 1767 avi
750 1733 895 1767 nostro
928 1725 1106 1781 imperio
1140 1724 1299 1769 tributa
1334 1725 1559 1780 dederunt3

46 1814 49 1819 .
74 1786 144 1879 path
155 1779 199 1822 id
222 1781 342 1879 bistos
372 1778 492 1823 brevi
521 1788 712 1838 tempore
741 1780 938 1835 facturos,
974 1781 1140 1837 imperii
1178 1782 1310 1825 nostri
1349 1783 1559 1826 exercitus

42 1870 45 1875 4
147 1849 221 1879 ora
253 1837 296 1879 it.

40 1910 45 1938 J
190 1890 271 1936 Cui
310 1892 354 1934 in
386 1906 506 1935 uam:
545 1893 777 1950 ‘Principes
814 1893 884 1936 isti
917 1893 1109 1951 apprime
1138 1892 1301 1937 nobiles
1330 1899 1372 1937 et
1399 1893 1561 1936 domini

41 2002 43 2004 q
78 1948 162 1991 mei
190 1955 289 1991 sunt
317 1963 373 1990 mi
394 1949 484 2003 'tes,
515 1949 588 2006 qui
618 1949 653 1992 si
682 1949 879 1993 ‘senserit
906 1950 1141 1993 exercitum
1177 1956 1298 1993 tuum
1329 1964 1457 2007 super
1487 1965 1704 2005 eos-94⁶5,

77 2004 250 2058 irruere,
279 2005 340 2047 eis
369 2005 515 2063 copias
544 2005 692 2060 mittet,
722 2005 975 2063 quibuscum
1014 2011 1109 2048 tuos
1140 2013 1367 2060 conterere,
1406 2013 1448 2049 ct
1477 2007 1561 2050 duo

15 2106 18 2107 ⁷
78 2058 149 2102 illa
177 2059 373 2115 themata,
404 2075 512 2119 quae
532 2060 642 2104 ultra
661 2075 777 2104 mare
805 2060 950 2115 habes,
979 2061 1056 2105 tibi
1076 2060 1355 2119 prevalebunt
1372 2061 1562 2106 auferre’.

42 2139 43 2142 =
79 2115 202 2160 Tunc
231 2115 400 2160 bufonis
429 2117 474 2159 in
501 2117 675 2160 modum
705 2117 959 2161 tumefactus
989 2124 1031 2161 et
1050 2124 1308 2160 commotus:
1337 2118 1561 2173 ‘Discede',

38 2196 45 2211 z.
79 2172 228 2230 inquit,
258 2173 355 2216 ‘Per
382 2189 462 2227 mc,
490 2188 567 2231 per
595 2174 668 2231 qui
697 2188 764 2217 me
794 2173 919 2217 talem
939 2188 1125 2231 genuere
1174 2179 1338 2217 arentes
1351 2181 1381 2228 ¹,
1410 2174 1564 2218 faciam

30 2228 42 2248 ³
78 2236 127 2272 ut
136 2227 252 2272 aliud
262 2227 458 2272 dominus
470 2237 582 2284 tuus,
594 2244 723 2287 quam
735 2229 969 2274 desertores
980 2245 1123 2273 servos
1164 2229 1372 2286 efendere,
1385 2230 1566 2287 cogitet’.

190 2298 260 2341 37.
318 2297 515 2356 Cumque
544 2298 719 2351 abirem,
749 2298 871 2341 iussit
892 2298 1121 2355 interpreti,
1152 2313 1220 2340 mc
1241 2299 1321 2342 sibi
1342 2300 1565 2342 convivam

19 2353 38 2401 ’,ζ
80 2352 190 2407 fieri3
218 2354 449 2411 accitisque
478 2353 707 2397 eorundem
738 2354 977 2411 principum
1006 2354 1161 2397 fratre³
1191 2360 1234 2397 ct
1261 2354 1297 2397 B
1330 2355 1465 2399 santio
1485 2355 1565 2398 Ba-

81 2409 251 2463 risiano,
286 2423 463 2468 magnas
500 2411 544 2452 in
583 2425 660 2453 vos
697 2417 952 2476 gentemque
989 2409 1183 2453 Latinam
1219 2417 1261 2453 et
1327 2412 1564 2454 cutonicam

81 2464 358 2508 contumelias
393 2479 588 2509 evomere
624 2466 756 2509 iussit.
833 2466 993 2509 Verum
1029 2480 1126 2509 cum
1165 2481 1191 2508 a
1230 2466 1400 2510 sordida
1433 2482 1566 2511 coena

15 2516 38 2555 ³31⁴
81 2521 174 2579 ipse
202 2521 476 2575 discederem,
518 2522 676 2565 nuntiis
706 2522 963 2580 interpositis
992 2521 1100 2565 clam
1126 2522 1228 2565 mihi
1257 2523 1566 2567 mandaVcrunt

81 2629 113 2663 a)
134 2630 293 2664 promuu·
314 2630 409 2664 mm.
431 2630 555 2659 otmar.
636 2630 668 2665 υ)
690 2631 854 2659 con-mum
876 2631 904 2659 0.
926 2631 1075 2659 aunuum
1097 2631 1219 2660 ocum.
1300 2632 1328 2666 e)
1349 2633 1436 2660 nou·
1458 2633 1487 2660 c.

25 2731 39 2746 w
87 2717 125 2763 1)
151 2719 275 2753 Iuven.
302 2719 375 2754 Sat.
402 2719 465 2761 vl,
494 2719 549 2754 16.
581 2720 642 2753 17:
679 2718 832 2755 nondum
860 2719 1008 2755 Graecis
1042 2721 1157 2754 iurare
1186 2721 1320 2765 paratis
1343 2720 1349 2763 Ι
1371 2731 1434 2765 per
1460 2724 1568 2765 caput

16 2773 18 2778 '
41 2802 43 2806 ,
85 2767 241 2803 alterius.
317 2766 357 2812 2)
381 2768 490 2812 Vei-g.
514 2769 604 2804 Aen.
630 2769 676 2811 X,
704 2769 788 2803 5⁹7.
865 2768 903 2813 8)
922 2769 1088 2804 Chronic.
1115 2769 1279 2804 Salen-nit.
1309 2780 1340 2803 c.
1371 2770 1459 2803 172:
1486 2779 1566 2813 ger·

18 2858 21 2859 ⁷
85 2826 209 2851 manus
235 2816 387 2851 Pulsum
413 2817 579 2853 Romuslt
603 2818 694 2852 inter
719 2818 876 2853 Graeco·
903 2829 924 2852 a
949 2819 1100 2864 pueritia
1125 2818 1240 2852 fuerat
1265 2823 1300 2852 et
1325 2819 1393 2852 iam
1422 2819 1565 2853 minime

16 2883 39 2912 3
85 2867 201 2911 patria
225 2876 290 2900 sua
313 2866 485 2912 repedare
511 2867 679 2902 volebant
703 2872 846 2913 propter
870 2878 970 2903 suam
996 2867 1209 2912 superbiam.
