1838 3210
238 396 303 423 968.

169 1173 219 1210 'p.
232 1176 297 1204 351.

165 2291 232 2317 Iun.
254 2290 300 2318 29.

322 269 386 300 144
682 265 981 299 LIUDPRANDI
1010 263 1234 298 LEGATIO.
1289 264 1443 298 17-19.

318 378 472 423 habere
509 377 714 422 Schlavos
730 386 742 409 ¹
773 378 899 419 Petro
928 374 1211 432 Bulgarorum
1245 389 1358 433 rege,
1400 375 1473 433 qui
1508 374 1755 443 Clu-iatoph·

317 435 582 501 imperatoris
611 432 740 475 filiam
770 433 814 474 in
844 432 1089 506 coniugium
1129 429 1267 485 duxit,
1304 432 1432 475 etiam
1460 431 1543 490 ipsi
1570 446 1657 476 non
1682 446 1791 500 ign-1

317 498 418 535 ratis
427 491 447 533 !’
460 517 516 523 —
527 490 627 534 ‘Sed
640 487 969 545 Christophorus
984 520 994 542 ,
1010 488 1141 541 aiunt,
1157 486 1476 554 ‘nonporphyro
1487 486 1760 546 genitusfiut’
1786 517 1795 551 i

431 547 495 589 17.
540 546 731 588 ‘Romam
750 546 876 598 vero',
907 544 1093 601 inquam,
1123 548 1265 602 ‘quam
1285 558 1363 587 vos
1381 542 1560 588 liberam
1579 559 1674 589 esse
1691 552 1762 588 vu*
1795 601 1796 604 Ἰ

316 602 592 668 perstrepitis,
628 601 697 644 cui
733 600 894 644 servit?
937 600 1006 642 cui
1034 599 1190 643 tributa
1219 598 1455 657 persolvit?
1495 599 1647 645 Nonne
1681 616 1712 660 p
1737 601 1779 637 ‘¹-

317 658 605 702 meretricibus
648 656 885 700 serviebat?
929 662 970 699 et
1012 655 1134 698 vobis
1178 655 1499 712 dormientibus,
1541 657 1672 701 immo
1711 672 1759 701 n·

315 713 568 767 valentibus,
607 713 803 756 dominus
838 726 958 754 meus
996 712 1228 769 imperator
1265 718 1472 769 augustus
1505 727 1533 756 a
1559 719 1648 756 tam
1712 734 1718 749 ·
1765 736 1798 770 ,Ι

315 771 516 814 servitute
559 769 783 813 liberavit?
832 769 1137 812 Constantinus
1180 768 1413 826 imperator
1453 776 1680 827 augustus,
1722 784 1784 829 q·-

315 826 424 869 hanc
453 841 508 869 ex
537 841 613 868 suo
643 826 812 868 nomine
846 823 1038 867 condidit
1067 825 1298 879 civitatem,
1336 831 1508 868 sanctae
1540 824 1722 884 apostoli
1757 858 1760 862 ι
1785 837 1798 873 .ss

315 883 530 925 Romanae
559 881 772 936 ecclesiae,
803 887 850 923 ut
879 888 969 923 erat
996 880 1301 935 kosmocrator,
1338 879 1471 924 multa
1497 880 1674 925 donaria
1700 889 1794 927 eon

315 937 420 992 tulit,
450 953 536 980 non
565 939 608 980 in
637 937 759 980 Italia
780 936 930 991 solum,
961 936 1098 979 sedin
1120 935 1317 979 omnibus
1336 951 1446 994 pene
1465 936 1764 982 occidentalib·
1790 944 1797 953 ¹

313 1010 359 1037 re
421 996 473 1049 is,
516 1009 681 1037 necnon
724 993 776 1036 de
821 991 1094 1035 orientalibus
1136 1001 1265 1050 atque
1307 992 1571 1050 meridianis,
1616 994 1655 1038 G
1689 1015 1732 1032 ιι-
1758 995 1770 1006 ‘

315 1065 360 1093 sc
393 1051 487 1105 icet,
517 1050 687 1103 Iudaea,
722 1049 908 1102 Perside,
937 1049 1260 1115 Mesopotamia,
1294 1047 1546 1108 Babylonia,
1582 1049 1798 1110 Aegypto

314 1106 463 1163 Libya,
503 1113 550 1149 ut
587 1107 720 1163 ipsius
756 1112 963 1148 testantur
997 1103 1232 1162 pnvilegia,
1304 1119 1385 1148 uae
1419 1120 1551 1173 penes
1577 1121 1657 1151 nos
1683 1122 1767 1152 sun
1796 1125 1803 1142 ‘-

314 1163 427 1205 Sane
466 1162 668 1219 quicquid
705 1162 750 1203 in
787 1160 922 1215 Italia,
963 1161 1038 1205 sed
1077 1167 1144 1204 et⁸
1175 1162 1243 1203 *in
1306 1175 1474 1216 axoma,
1514 1161 1796 1221 Βαςοαῦὓ

313 1219 508 1262 omnibus
537 1218 697 1261 domini
726 1218 809 1260 mei
838 1218 980 1274 regnis
1010 1224 1084 1271 est,
1116 1217 1231 1275 quod
1259 1217 1314 1261 ad
1342 1217 1629 1276 apostolorum
1651 1217 1805 1264 Βωιν

311 1289 406 1317 rum
436 1273 654 1318 ecclesiam
693 1274 878 1330 respicit,
916 1274 1278 1316 sanctissimorum
1313 1273 1601 1331 apostolorum
1636 1290 1721 1320 νιν.»
1755 1276 1802 1314 ἰ’“·

313 1329 501 1373 contulit,
559 1330 616 1372 Et
644 1330 680 1372 si
710 1337 785 1384 est,
816 1337 863 1373 ut
890 1330 1086 1372 dominus
1124 1345 1245 1373 meus
1282 1345 1339 1373 ex
1373 1329 1438 1374 his
1468 1330 1666 1375 omnibus
1693 1332 1794 1377 civi'

311 1393 429 1440 tates,
460 1385 593 1440 villas,
624 1385 777 1429 milites
797 1392 871 1428 aut
889 1385 1091 1428 familiam
1113 1386 1313 1441 obtineat,
1342 1386 1472 1430 deum
1494 1389 1663 1446 negavi.
1795 1389 1796 1392 ’

311 1443 540 1499 imperator
576 1457 676 1484 vero
715 1456 800 1484 non
840 1441 987 1484 itidem
1022 1442 1135 1494 facit,
1180 1449 1227 1485 ut
1266 1457 1328 1498 ea,
1373 1457 1484 1500 quae
1526 1444 1616 1488 suis
1653 1445 1739 1489 ins
1762 1467 1795 1482 .-

311 1498 467 1555 regnis,
496 1497 785 1554 apostolorum
814 1497 1033 1550 ecclesiae,
1069 1498 1232 1553 reddat,
1268 1506 1311 1542 et
1347 1514 1426 1557 per
1451 1498 1641 1545 laborem
1667 1507 1761 1560 atq
1782 1518 1804 1553 2}

311 1554 643 1597 munificentiam
681 1554 842 1596 domini
878 1555 962 1597 mei
1001 1554 1131 1598 ditem
1168 1562 1211 1598 et
1243 1554 1436 1611 liberam,
1472 1554 1670 1601 ditiorem
1702 1557 1765 1616 ip
1782 1573 1798 1606 22

312 1625 362 1652 ac
389 1609 629 1653 liberiorem
657 1610 838 1653 reddat?

427 1667 491 1709 18.
532 1665 631 1709 ‘Sed
660 1666 765 1721 hoc’,
794 1667 854 1709 ait
881 1666 1064 1709 Basilius
1085 1666 1484 1724 parakinumenos⁶,
1513 1667 1668 1724 ‘faciet
1697 1683 1740 1713 c
1765 1691 1800 1707 u<

313 1721 368 1764 ad
386 1729 535 1765 nutum
556 1737 681 1765 suum
701 1722 837 1765 Roma
858 1730 899 1765 et
918 1723 1111 1766 Romana
1130 1722 1311 1766 ecclesia
1330 1723 1620 1769 ordinabitur&
1662 1724 1778 1769 Tum

315 1778 494 1832 ‘Homo',
530 1779 717 1836 inquam,
755 1778 955 1836 ‘quidam,
992 1778 1169 1822 multam
1199 1780 1253 1823 ab
1282 1779 1365 1823 alio
1394 1794 1548 1838 passus
1582 1781 1644 1824 ini
1698 1781 1710 1792 ‘
1797 1817 1802 1830 ,

313 1833 378 1876 his
407 1833 535 1877 deum
565 1850 790 1891 aggressus
819 1843 882 1878 est
910 1835 1072 1878 verbis:
1117 1835 1317 1891 Domine,
1345 1836 1516 1880 vindica
1543 1851 1612 1881 me
1641 1837 1695 1882 de
1715 1836 1783 1882 ad

313 1890 499 1932 versario
540 1891 654 1932 meo!
709 1890 790 1934 Cui
834 1891 1049 1935 dominus:
1097 1891 1286 1947 Faciam,
1323 1893 1474 1951 inquit,
1509 1893 1555 1936 in
1592 1893 1663 1938 die
1733 1914 1740 1931 v
1779 1916 1785 1933 ι

313 1945 489 2045 redddam
529 1947 760 2044 Enicuique
803 1947 1038 1990 secundum
1081 1963 1211 2005 opera
1254 1949 1352 1991 sua!
1414 1948 1475 1992 At
1514 1948 1604 1993 ille:
1656 1950 1715 2006 Q
1736 1971 1741 1988 ι
1766 1972 1803 1991 η.4

314 2007 379 2044 tar
410 2003 452 2045 e!
483 2003 527 2044 in
559 2004 600 2045 t’.
1791 2019 1796 2026 ·’

429 2059 494 2101 19.
535 2059 657 2101 Tunc
695 2073 841 2102 omnes
877 2066 1019 2117 preter
1046 2060 1218 2103 fratrem
1246 2060 1452 2105 cachinno
1483 2063 1699 2118 commoti,
1735 2062 1782 2106 di

315 2115 617 2170 sceptationem
654 2114 916 2171 dimiserunt,
954 2131 1022 2159 me
1054 2131 1107 2159 ue
1141 2117 1187 2159 in
1221 2117 1404 2160 invisam
1441 2117 1615 2161 domum
1650 2117 1800 2163 redu

313 2178 607 2228 preceperunt,
636 2186 875 2237 magnaque
905 2178 1026 2215 custo
1061 2172 1070 2182 ‘
1096 2173 1110 2214 i
1139 2172 1305 2216 cautela
1329 2189 1466 2231 usque
1489 2175 1535 2216 in
1553 2179 1700 2219 sancto
1736 2196 1741 2212 ι
1766 2173 1802 2213 υἷϊ

314 2226 600 2282 apostolorum
630 2227 837 2284 religiosis
868 2229 1031 2271 cunctis
1066 2228 1275 2272 celebrem
1311 2230 1440 2272 diem.
1498 2231 1597 2285 Qua
1624 2225 1785 2276 celebfi

314 2288 399 2325 tate
428 2297 496 2325 me
525 2284 627 2325 satis
656 2291 890 2340 aegrotum,
918 2299 1085 2327 necnon
1114 2292 1157 2328 et
1185 2285 1470 2342 Bulgarorum
1497 2287 1683 2343 nuntios,
1723 2302 1803 2355 ιγ

346 2337 451 2381 ridie
481 2346 699 2393 venerant,
730 2340 785 2382 ad
823 2347 990 2383 sanctos
1019 2341 1232 2398 apostolos
1267 2341 1349 2385 sibi
1387 2343 1560 2387 obviare
1591 2351 1751 2403 precep
1780 2363 1802 2379 »

355 2409 510 2451 umque
577 2402 643 2438 ost
678 2396 927 2438 naeniarum
965 2397 1255 2453 garrulitatem
1285 2405 1327 2441 et
1354 2399 1581 2443 missarum
1615 2398 1735 2444 celeb
1766 2432 1795 2443 0

314 2450 470 2493 tionem
500 2410 573 2493 adp
583 2465 774 2494 mensam
803 2453 1093 2508 invitaremur,
1123 2455 1168 2496 in
1198 2455 1383 2497 citeriori
1402 2469 1575 2500 mensae
1594 2456 1797 2514 margin

315 2544 345 2578 a)
366 2553 457 2572 vocem
479 2547 577 2572 adieci.
657 2546 688 2580 b)
708 2547 836 2574 baoaria
857 2549 884 2576 C.
968 2549 995 2582 c)
1017 2550 1284 2583 parakimomenos
1305 2552 1336 2578 G.

319 2621 355 2664 1)
380 2622 576 2655 Bohemiae
603 2622 729 2656 ducem
763 2628 925 2668 spectare
956 2626 1105 2660 videtur.
1206 2626 1244 2670 2)
1272 2627 1495 2662 Constantin.
1522 2627 1567 2662 de
1592 2628 1686 2662 adm.
1711 2626 1797 2662 im
1832 2635 1835 2660 ι

318 2679 349 2703 c.
370 2671 413 2703 13
440 2682 475 2715 p.
493 2670 560 2704 88:
587 2666 671 2704 οὐδὲ
699 2667 960 2720 αὐτοκράτορος
984 2674 1043 2708 καὶ
1067 2673 1243 2720 ἑνθέσμου
1270 2673 1442 2721 βασιλέως
1474 2672 1635 2724 θυγάτηρ
1658 2672 1682 2724 ἢ
1717 2693 1731 2705 2
1755 2680 1760 2704 ἱ
1832 2673 1835 2687 ²

317 2716 447 2764 δομένη
474 2716 666 2765 ἐτύγχανεν,
701 2716 792 2754 dn&
816 2721 933 2767 τρίτου
958 2734 1015 2756 και
1041 2720 1191 2768 ἐσχάτου
1215 2725 1274 2758 καὶ
1299 2721 1349 2758 ἔτι
1372 2721 1593 2772 ὓποχειρίον.
1621 2744 1667 2751 -
1690 2726 1773 2759 Nic
1832 2729 1835 2774 ᾗ

316 2767 446 2811 phorus
470 2769 548 2813 ipse
565 2772 692 2812 postea
710 2770 860 2804 Romani
878 2771 928 2804 11.
950 2773 1173 2816 imperatoris
1191 2773 1274 2807 filiis
1291 2774 1430 2818 puellas
1449 2785 1493 2808 ex
1508 2776 1683 2818 sanguine
1726 2790 1734 2803 2
1746 2791 1753 2814 ;
1766 2773 1776 2784 “

316 2815 551 2859 Bulgarorum
584 2818 620 2850 in
654 2819 915 2853 matrimonium
949 2820 1034 2854 dare
1069 2821 1182 2855 voluit
1219 2822 1348 2866 (Leon.
1381 2823 1490 2857 Diae.
1514 2823 1609 2858 Hist.
1634 2824 1668 2858 V
1693 2834 1727 2857 c.
1752 2823 1797 2856 8

317 2863 356 2908 3)
382 2865 425 2898 In
450 2866 618 2900 Baioaria
644 2867 799 2901 ecclesia
823 2869 983 2902 Romana
1008 2871 1076 2903 tria
1101 2871 1249 2914 praedia
1265 2872 1435 2915 possedit,
1460 2883 1523 2916 pro
1542 2872 1669 2917 quibus
1685 2883 1762 2907 arc·

319 2914 507 2958 episcopus
534 2915 813 2959 Salisburgensis
837 2922 908 2952 tres
936 2920 1075 2962 argenti
1100 2919 1210 2954 libras
1237 2922 1426 2964 quotannis
1452 2921 1624 2956 solvebat.
