1838 3210
429 227 734 263 LIUDPRANDI
759 227 986 262 memo.
1038 228 1085 261 56
1103 227 1196 262 -ῡε,
1497 229 1564 261 161
1615 208 1622 213 ’

90 374 94 378 -
134 348 192 386 ιιι
220 341 297 384 ‘Pa
327 355 399 384 am
427 346 616 382 vestrum
645 337 889 396 imperiales
916 339 1107 396 recipere
1135 338 1308 393 litteras,
1339 340 1564 397 indignum
1577 339 1646 367 ⁹⁶⁸·

59 418 158 438 2³22
190 395 284 441 diiu
316 397 499 450 ‘camus3
540 395 669 439 mittit
701 402 845 438 autem
882 392 941 436 illi
981 393 1260 451 coropalates,
1294 396 1564 452 imperatoris

35 453 210 507 ,ἐὴ-αἴθῃ
237 467 325 496 non
351 467 431 509 per
459 465 559 494 suos
588 465 798 516 pauperes
827 451 1012 503 nuntios,
1043 449 1118 493 sed
1147 465 1225 507 per
1254 458 1296 494 te
1324 451 1563 508 epistolam,

67 524 115 553 se
143 509 246 553 satis
274 508 463 565 dignam,
492 515 540 550 ut
568 507 650 550 nisi
678 506 926 563 resipuerit,
966 505 1158 549 funditus
1195 521 1241 549 se
1279 508 1458 563 periisse
1496 522 1564 550 co-

64 563 286 623 gnoverit’.

36 630 38 632 ’
179 621 249 664 57.
306 619 431 662 Hanc
462 633 561 661 cum
591 619 867 676 accepissem,
904 616 998 660 vale
1027 617 1131 659 mihi
1161 618 1363 671 dicentes,
1393 619 1564 662 dimise-

34 718 39 726 ,,
65 683 179 731 runt,
219 674 366 719 oscula
403 674 629 732 prebentes
670 675 772 716 satis
812 673 1022 727 iucunda,
1059 675 1162 716 satis
1200 673 1415 718 amabilia.
1476 674 1563 718 Sed

66 732 170 776 dum
199 731 455 786 recederem,
483 729 738 787 legationem
766 729 870 772 mihi
898 743 985 772 non
1013 744 1095 782 me,
1125 729 1200 772 sed
1229 729 1310 772 illis
1340 731 1441 773 satis
1463 730 1563 774 diri-

31 796 36 828 ζῑ
64 794 174 846 gunt
201 787 396 844 dignam3
436 784 597 829 scilicet
626 785 742 843 quod
770 784 874 827 mihi
903 784 982 828 soli
1012 785 1204 842 meisque
1234 800 1369 843 equos
1399 786 1561 841 darent,

38 844 241 888 sarcinis
275 842 463 895 nullum3
509 842 655 899 sicque
694 842 843 895 nimis,
888 848 935 883 ut
974 856 1042 884 res
1080 839 1308 898 poscebat,
1352 841 1561 897 turbatus,

33 903 37 922 ³
65 900 293 954 διασώστῃ,
336 898 381 941 id
419 903 484 940 est
519 897 686 941 ductori
725 911 833 951 meo,
879 897 1072 953 quinqua
1103 897 1190 939 inta
1228 906 1456 940 aureorum
1492 913 1560 941 res

63 957 202 1014 pretio
230 955 342 998 dedi.
400 954 457 996 Et
486 969 584 996 cum
613 967 700 996 non
728 953 941 1007 haberem,
972 967 1057 1009 quo
1116 967 1194 1010 pro
1225 953 1457 996 malefactis
1487 953 1561 996 Ni-

36 1065 38 1067 ,
65 1011 250 1070 cephoro
279 1017 383 1054 tunc
411 1009 646 1063 redderem,
683 1008 761 1051 hos
791 1009 836 1051 in
865 1009 1026 1066 pariete
1065 1009 1227 1051 invisae
1257 1008 1410 1052 domus
1439 1024 1560 1053 meae

27 1080 40 1102 ῑ·
61 1074 107 1111 et
134 1068 179 1111 in
208 1082 355 1110 mensa
382 1064 523 1122 lignea
552 1063 786 1108 versiculos
816 1065 987 1121 scripsi:

174 1121 425 1179 Argolicam
453 1136 539 1164 non
568 1128 660 1163 tuta
681 1120 811 1172 fides;
843 1119 993 1177 procul
1014 1127 1117 1175 esto,
1138 1120 1303 1174 Latine,
1362 1120 1558 1164 Versus·.

175 1178 372 1232 Credere,
401 1191 481 1220 nec
511 1183 696 1220 mentem
727 1175 868 1219 verbis
896 1175 1099 1219 adhibere
1129 1177 1362 1219 memento!

174 1234 359 1278 Vincere
386 1233 491 1276 dum
519 1233 667 1290 possit,
698 1247 826 1289 quam
857 1239 1000 1275 sancte
1030 1232 1193 1288 peierat
1221 1232 1386 1288 Argos!

34 1330 40 1348 3,
171 1289 387 1335 Marmore
414 1303 524 1346 quae
553 1289 672 1331 vario
702 1289 870 1344 mag-nis
900 1294 1017 1344 patet
1045 1286 1129 1330 alta
1158 1287 1365 1342 fenestris,

119 1358 142 1392 δ
173 1345 299 1390 Haec
324 1345 536 1402 inaquosa
564 1344 729 1398 domus,
760 1342 961 1386 concluso
991 1343 1139 1400 pervia
1169 1342 1261 1397 soli,

28 1407 33 1414 ¹
173 1402 355 1459 Frigora
383 1401 631 1458 suscipiens,
660 1406 825 1442 aestum
855 1413 934 1442 nec
963 1414 1090 1442 saeva
1117 1398 1342 1456 repellens3

171 1456 323 1502 Presul
349 1457 405 1500 ab
434 1457 626 1499 Ausonia
655 1455 956 1512 Liudprandus
984 1456 1028 1497 in
1058 1455 1164 1498 urbe
1195 1454 1420 1509 Cremona,

175 1511 588 1570 Constantinopolim
618 1513 736 1569 pacis
766 1511 982 1568 profectus
1010 1525 1168 1566 amore,

174 1569 388 1624 Quattuor
415 1569 587 1612 aestivis
618 1566 852 1610 concludor
879 1566 1097 1610 mensibus
1127 1567 1235 1610 istic.

91 1636 143 1674 1⁰
171 1625 283 1669 Indu
315 1632 455 1668 erator
482 1625 595 1667 enim
625 1623 783 1666 Bareas
813 1622 1116 1666 conscenderat
1146 1621 1262 1676 Otto,

157 1680 211 1727 Ὀ
293 1696 317 1724 e
346 1679 472 1723 simul
501 1679 683 1722 flammis
717 1694 769 1722 ue
799 1679 880 1722 sibi
909 1677 1002 1721 loca
1032 1677 1215 1722 subdere
1244 1684 1470 1735 temptans,

51 1739 77 1782 «ἕ
170 1735 260 1782 Sed
288 1735 488 1795 precibus
518 1742 679 1778 remeat
746 1749 922 1777 omanas
949 1735 1086 1778 victor
1114 1733 1170 1784 ad
1198 1734 1324 1778 urbes

54 1804 59 1815 ’
89 1793 93 1798 ⁴
152 1790 278 1842 ,Inde
307 1793 425 1835 meis.
481 1791 648 1834 Nurum
677 1791 872 1848 promisit
900 1790 1082 1833 Graecia
1112 1789 1312 1844 mendax,

322 1862 402 1892 nec
429 1855 529 1891 nata
557 1847 678 1901 foret,
707 1862 786 1890 nec
815 1861 883 1890 me
911 1846 1078 1889 venisse
1107 1844 1282 1900 doleret,

26 1922 52 1958 ζ
93 1917 140 1951 15
213 1920 262 1949 ec
289 1904 465 1959 rabiem,
493 1902 749 1960 Nicephore,
778 1909 895 1945 tuam
926 1901 1189 1959 perpendere
1220 1901 1398 1966 quirem,

36 1974 43 1978 ·’
170 1961 417 2017 Privignam
448 1957 648 2017 prohibes
710 1959 752 2001 ui
782 1965 883 2001 nato
911 1958 987 2000 iun
1018 1973 1088 2001 ere
1117 1956 1252 2001 herili.

170 2017 370 2060 Imminet
399 2030 499 2059 ecce
528 2015 632 2070 dies,
661 1974 803 2057 liguriis
833 2029 959 2071 comp
1006 2029 1079 2056 sus
1108 2013 1288 2067 acerbis,

170 2071 227 2116 Ni
255 2071 362 2115 deus
391 2078 565 2125 avertat,
594 2078 683 2114 toto
711 2070 828 2112 Mars
857 2071 1017 2113 saeviet
1046 2067 1162 2122 orbe,

172 2127 361 2172 Crimine
388 2141 560 2185 paxque
589 2133 663 2170 tuo
694 2126 858 2169 cunctis
886 2125 1073 2183 optanda
1101 2123 1261 2167 silebit!

37 2219 53 2246 3
170 2187 239 2231 58.
283 2187 365 2232 His
394 2187 645 2245 conscriptis
666 2184 875 2239 versibus,
902 2193 1023 2228 sexto
1047 2185 1193 2227 Nonas
1221 2183 1422 2228 Octobris
1447 2182 1552 2226 hora
1565 2192 1634 2220 Oct·
1657 2194 1686 2220 θ.

35 2244 237 2299 ζᾶεοίιιιει,
267 2259 322 2288 ex
350 2242 422 2286 illa
451 2242 666 2301 quondam
698 2241 1019 2300 opulentissima
1038 2248 1080 2284 et
1100 2240 1407 2294 florentissima,
1437 2254 1550 2283 nunc

50 2298 266 2354 'famelica
295 2300 479 2357 periura,
515 2298 733 2353 mendace,
769 2297 928 2351 dolosa,
967 2311 1144 2353 rapace,
1188 2295 1367 2354 cupida,
1408 2311 1550 2351 avara,

59 2373 72 2381 „
93 2355 282 2399 modoxa
309 2355 480 2400 civitate
510 2370 608 2397 cum
638 2354 823 2397 diasoste
858 2367 953 2396 meo
989 2352 1111 2395 lintre
1150 2367 1360 2410 egressus,
1398 2350 1550 2395 diebus

57 2410 344 2470 andagines
370 2416 414 2455 et
439 2425 607 2466 novem,
636 2408 842 2453 asinando
883 2407 1155 2462 ambulando,
1184 2407 1427 2466 equitando,
1447 2407 1641 2450 ieiu-Nov-
1665 2417 1714 2444 ²⁰.

71 2490 77 2505 ·
99 2489 101 2492 ·
127 2488 161 2504 »ι
175 2482 214 2523 o,
242 2466 436 2522 sitiendo,
455 2465 722 2524 suspirando,
740 2442 895 2520 flendo,
914 2463 1124 2522 gemendo
1143 2463 1416 2521 Naupactum
1438 2463 1548 2517 veni,

199 2529 264 2566 est
282 2521 537 2580 Nicopoleos
567 2522 729 2575 civitas,
758 2521 803 2564 in
833 2535 918 2578 qua
946 2520 1153 2564 diasostes
1182 2534 1303 2563 meus
1333 2534 1400 2563 mc
1430 2518 1549 2562 dese·

197 2577 365 2622 duabus
395 2579 539 2636 parvis
569 2578 814 2635 impositum
842 2576 1039 2631 navibus,
1074 2574 1245 2619 duobus
1274 2590 1341 2619 mc
1377 2573 1549 2618 manda-

30 2684 94 2722 ’,8)
117 2695 207 2715 υκαι
228 2688 366 2721 cuprum.

24 2775 98 2818 ⁸
124 2775 259 2832 Leon’is
284 2774 439 2809 Diaconi
474 2775 556 2810 hiat.
584 2774 616 2810 V
643 2785 676 2812 e.
704 2776 737 2811 1.
766 2773 807 2807 8:
852 2769 956 2830 &¹21⁸th
979 2769 1126 2827 ἀνδρεζᾳ
1163 2772 1222 2806 καὶ
1259 2768 1424 2825 σώματος,
1459 2766 1561 2815 ῥώμῃ

27 2832 181 2860 tracum
215 2821 391 2870 αδηρίτως
422 2819 512 2867 ὕπερ
542 2822 647 2859 αίνον
673 2818 738 2871 τὴν
767 2823 841 2858 κατ’
875 2833 983 2856 αυτον
1008 2832 1143 2864 γενεαν,
1179 2818 1476 2867 ἐμπειροῐατοςτε
1503 2818 1563 2852 καὶ

25 2868 342 2929 ᾗῑιδραστικάωτος
366 2869 410 2906 τὰ
434 2871 505 2907 πολ
523 2883 603 2918 μιας
630 2871 762 2917 Georg.
790 2869 1018 2906 flamm-tolon
1045 2869 1103 2904 ed.
1130 2868 1264 2904 Mun-alt
1290 2879 1324 2913 p.
1351 2867 1436 2903 860.

1207 2936 1245 2967 1¹
