1838 3210
119 439 149 463 cf
160 436 314 469 Aetam&

168 478 194 508 4,
218 475 264 502 45.

178 1034 242 1059 Ioh.
267 1034 313 1067 21,

200 1074 245 1100 18.
270 1072 314 1099 19.

262 1987 316 2023 (4.)

331 251 374 282 82
539 246 841 281 LlUDPRANDl
869 244 1216 279 ANTAPODOSIS.
1269 243 1455 279 Llss.1v.
1510 243 1616 278 7—9.

332 361 495 405 Credo*
526 357 738 411 muidcm,
770 365 808 400 te
838 363 958 399 actus
997 356 1286 413 apostolorum
1317 369 1403 397 non
1440 353 1711 410 intellexisse,
1745 349 1816 398 au'

332 417 446 475 quod
477 378 718 458 credibilius
748 421 822 466 est,
852 412 1024 454 minime
1054 411 1219 468 legisse.
1278 409 1343 453 Ibi
1368 409 1500 476 plane
1527 410 1590 454 sie
1614 410 1727 468 scrip
1788 432 1808 447 ιι

332 472 558 530 repperies,
590 470 788 527 quoniam
820 467 965 510 fideles
987 466 1230 510 vendebant
1290 466 1407 510 redsa
1426 481 1516 522 sua,
1545 473 1588 510 et
1605 480 1717 525 pone

332 530 522 586 precium
558 534 653 568 ante
690 524 818 590 pedes
852 522 1155 580 apostolorum,
1192 538 1264 580 qu1
1299 537 1349 565 us
1389 530 1510 566 erant
1537 522 1681 566 omnia
1708 534 1818 566 com·

333 585 490 632 munia,
520 596 598 624 nec
628 595 853 647 quisquam
884 578 1044 637 aliquid
1074 594 1198 622 suum
1220 593 1312 621 esse
1332 577 1522 634 dioebat3
1550 576 1753 623 divideba
1782 598 1788 615 ·
1814 605 1827 630 ι,

331 647 473 683 autem
504 637 695 694 singulis,
726 644 854 700 prout
882 636 1036 700 cuique
1067 650 1174 691 opus
1204 641 1307 677 erat.
1375 635 1423 677 Si
1450 634 1595 700 igitur,
1631 632 1750 692 quod

332 696 515 738 humano
551 708 680 736 censu
720 706 952 757 preciosms
987 692 1150 748 tibique
1188 691 1331 732 anima
1366 697 1441 733 tua
1476 704 1631 745 canus,
1668 689 1751 733 Pe
1781 701 1817 726 ι’

331 766 494 805 aurum,
525 750 647 806 quasi
668 747 871 805 quiddam
894 746 1151 803 pestiferum,
1181 752 1356 803 tangere
1375 745 1524 800 noluit,
1553 759 1640 804 qua
1658 745 1786 789 ratio·
1807 758 1830 805 2*>

332 823 441 861 eum,
494 805 728 847 Antiocena
777 803 954 855 deserta,
1004 802 1059 845 ad
1107 803 1346 845 Romanam
1394 803 1548 845 asseris
1594 799 1764 846 aeel·
1789 819 1822 839 ιι·

331 861 643 906 transvolasse?
675 860 719 902 Si
749 858 1051 924 latras-illum,
1082 858 1199 916 quod
1229 858 1400 900 omnino
1419 856 1573 901 falsum
1593 863 1670 912 est,
1734 876 1799 894 ιι·-
1818 862 1819 867 ’

332 919 482 961 sivisse
511 931 699 970 censum,
730 929 809 971 ego
845 929 1081 956 ammarum
1122 914 1289 956 lucrum
1329 919 1372 957 et
1405 912 1637 972 comprobo
1665 913 1795 971 geri
1821 952 1823 955 .

333 990 426 1017 sum
456 972 719 1028 martyrium.
778 970 1022 1013 Predictum
1055 971 1214 1027 quippe
1244 970 1355 1013 sibib
1385 984 1412 1012 a
1439 969 1660 1028 magistro,
1688 983 1819 1014 lmmff.

331 1036 518 1073 creatore
560 1035 602 1070 et
645 1026 911 1083 redemptore
956 1041 1031 1068 suo
1070 1027 1219 1079 fuerat,
1265 1026 1485 1083 quoniam:
1544 1024 1671 1070 ‘Cum
1705 1038 1820 1071 essa

331 1086 480 1139 iunior,
512 1083 713 1140 cingebas
742 1090 795 1136 te,
826 1090 867 1125 et
895 1082 1146 1126 ambulabas
1186 1080 1261 1124 ubi
1300 1081 1493 1137 voleba83
1540 1095 1641 1125 eum
1676 1086 1808 1125 auten

331 1141 532 1194 senueris,
562 1138 765 1182 extendes
795 1152 945 1180 manus
975 1145 1083 1192 tuas,
1123 1145 1165 1181 et
1199 1137 1306 1181 alius
1341 1145 1383 1181 te
1420 1138 1574 1196 cinget,
1608 1142 1652 1180 et
1679 1135 1781 1180 due·
1803 1144 1822 1169 ἶ

333 1205 443 1240 cuoc
474 1204 519 1238 tu
548 1209 631 1236 non
661 1195 737 1237 vis.
797 1194 893 1236 Hoc
923 1203 1065 1238 autem
1101 1194 1223 1249 dixit,
1263 1193 1523 1260 significans,
1592 1208 1651 1236 ua
1684 1206 1757 1236 mo

332 1252 637 1296 carificaturus
686 1257 796 1293 esset
843 1250 997 1293 deum'.
1065 1250 1263 1307 Denique
1305 1258 1348 1294 et
1382 1248 1464 1293 alio
1503 1265 1549 1293 ln
1602 1262 1681 1293 oco
1765 1268 1806 1287 ιι-

331 1307 679 1353 resurrectionem
719 1306 844 1348 Petro
881 1321 938 1360 se,
976 1321 1060 1363 quo
1096 1307 1189 1361 iret,
1225 1307 1382 1350 interro
1470 1307 1517 1360 ti,
1551 1263 1810 1372 respond-is

331 1365 528 1408 dominus
570 1362 766 1419 legitur1:
825 1362 1031 1416 Romam,
1068 1363 1223 1405 iterum
1252 1321 1470 1419 cmcifiggil'i
1526 1361 1657 1405 Venit
1690 1361 1753 1419 igi
1783 1379 1814 1419 ιι

331 1422 494 1473 Petrus,
534 1434 619 1460 non
652 1417 883 1461 ambitione
922 1418 1095 1461 inflatus
1132 1419 1207 1461 sed
1242 1419 1433 1462 martirio
1468 1418 1693 1472 animatus,
1734 1419 1808 1460 no‘

332 1490 511 1534 querens
540 1489 690 1516 aurum
722 1473 796 1516 sed
816 1474 1053 1516 animarum
1082 1473 1261 1517 lucrum.
1307 1474 1346 1518 O
1366 1473 1546 1529 felicem,
1573 1474 1705 1517 immo
1736 1494 1745 1511 ο
1765 1494 1771 1499 ·
1789 1478 1819 1520 :s

331 1540 434 1586 tum,
465 1533 500 1574 si
528 1529 654 1573 talem
685 1537 725 1572 te
754 1537 828 1572 tua
857 1531 1115 1574 conscientia
1142 1537 1379 1574 testaretur.
1436 1529 1528 1574 Nec
1551 1528 1735 1573 inficiari
1761 1529 1818 1584 1ssv

332 1603 459 1646 quam
519 1594 622 1640 otes,
653 1585 941 1628 Veronensem
980 1594 1020 1629 te
1058 1587 1324 1643 episcopium
1358 1585 1534 1629 minime
1565 1585 1801 1630 vendis..

333 1643 447 1702 quod
513 1650 615 1695 etro,
645 1655 731 1683 non
759 1640 934 1685 cuilibet
962 1643 1036 1684 sed
1065 1642 1259 1699 apostolo
1296 1641 1368 1686 illo
1380 1643 1414 1698 ἃ,
1442 1656 1678 1708 numquam
1724 1642 1823 1690 ..d

333 1701 470 1743 cimus
519 1697 758 1754 contigisse.
832 1698 930 1751 Qua
973 1712 1027 1740 ex
1071 1713 1117 1741 re
1154 1714 1241 1741 non
1282 1697 1420 1742 solum
1458 1696 1638 1756 spiritah
1671 1713 1729 1742 va
1760 1717 1765 1734 ι
1791 1728 1804 1750 2

333 1755 459 1799 etiam
490 1752 698 1810 corporali
726 1752 896 1808 honore,
928 1769 1082 1797 census
1106 1755 1389 1798 animatione²
1418 1760 1460 1798 te
1487 1755 1704 1812 privatum
1731 1768 1790 1799 es

334 1810 623 1867 cognovimus.
682 1809 805 1851 Haec
834 1817 976 1852 autem
1007 1811 1175 1854 interim
1212 1811 1268 1853 ad
1303 1811 1571 1869 propositum
1604 1809 1798 1853 redemi·

335 1867 448 1909 dicta
483 1865 698 1918 suffitiant,
736 1865 876 1921 quoad
915 1865 1120 1923 largiente
1160 1866 1240 1910 deo
1282 1867 1370 1910 suis
1405 1867 1451 1909 in
1486 1865 1605 1923 loeis,
1643 1864 1791 1925 quali·

332 1921 692 1965 Mediolanensem
722 1923 994 1978 usurpaveris
1019 1922 1277 1978 cathedram,
1306 1920 1543 1968 veniamus.
1621 1939 1628 1953 ⁵
1793 1949 1800 1956 ->

445 1978 483 2021 8.
541 1977 634 2018 Eoe
665 1984 855 2033 tempore
883 1977 1169 2035 Berengarius
1203 1980 1295 2034 iste,
1331 1979 1454 2022 cuius
1483 1976 1708 2036 tyrannide
1734 1983 1797 2020 to

333 2034 466 2075 nuncf
503 2032 546 2075 lu
578 2039 620 2075 et
662 2031 797 2086 Italia,
842 2033 1083 2091 Eporegiae
1120 2035 1306 2078 civitatis
1341 2034 1531 2078 marchio
1572 2032 1742 2078 habeba
1769 2051 1790 2070 ιι

334 2088 418 2132 Cui
446 2104 523 2132 rex
576 2103 626 2129 ‚u
657 2103 681 2130 o
711 2089 871 2144 neptim
892 2104 1026 2144 suam,
1055 2091 1227 2133 nomine
1248 2089 1436 2146 Willam,
1467 2104 1596 2148 quam
1615 2105 1671 2134 ex
1691 2088 1762 2132 W'

334 2159 468 2187 uxore
504 2159 581 2186 sua
617 2103 731 2186 goso
773 2145 953 2187 Tusciae
990 2147 1240 2203 provinciae
1279 2147 1483 2201 marchio,
1525 2146 1640 2204 regis
1689 2166 1697 2183 ι
1725 2166 1730 2181 1
1770 2166 1787 2182 ι’

333 2206 549 2256 genuerat,
579 2200 805 2256 coniugem
826 2200 955 2243 dedit.
1014 2201 1247 2245 Ansearius
1267 2217 1381 2258 vero,
1411 2202 1662 2259 Berengarii
1678 2201 1744 2244 fra
1770 2211 1798 2239 ι·

335 2270 461 2312 quem
498 2270 552 2297 ex
591 2254 820 2298 Adelberto
864 2257 1191 2315 Hei-mengarda
1231 2274 1276 2301 re
1309 2260 1345 2301 is
1387 2259 1581 2316 Hugonis
1617 2271 1747 2315 genu

335 2325 466 2363 soror,
494 2310 649 2352 virium
677 2311 850 2353 audatia
878 2314 1151 2370 potentiaque
1172 2314 1285 2357 clare
1316 2321 1374 2358 at.
1586 2338 1594 2349 ι

1830 1182 1837 1212 A

1831 1233 1836 1260 l

1830 1292 1836 1320 1

1829 1347 1835 1373 l

1827 1402 1834 1433 l

1827 1461 1833 1498 l

1826 1513 1833 1554 3

1826 1564 1832 1613 l

1825 1636 1831 1660 l

1825 1670 1831 1713 l

1825 1744 1829 1764 ι

1820 2251 1823 2268 1

1818 2306 1822 2373 1

446 2367 485 2407 9.
544 2365 816 2409 Tedbalduse
855 2369 983 2410 etiam
1026 2369 1150 2412 heros
1186 2370 1374 2435 quidam,
1411 2370 1610 2428 proxima
1645 2369 1776 2426 Hugo
1818 2417 1821 2437 Ι

335 2422 425 2478 regi
464 2421 668 2464 affinitate
708 2423 974 2478 coniunctus,
1019 2424 1387 2469 Cammermorum
1426 2430 1468 2468 et
1505 2425 1780 2483 Spoletinum

335 2546 365 2580 a)
377 2546 410 2575 C.
425 2547 566 2580 equidem
589 2556 636 2582 την
659 2550 773 2584 πραξην
794 2557 847 2576 (ων
860 2557 1003 2578 armetur
1025 2558 1085 2577 non
1102 2553 1218 2581 dixisse
1231 2553 1258 2580 3.
1274 2557 1303 2580 te
1320 2567 1350 2573 --
1362 2553 1575 2587 apostolorum
1588 2552 1703 2586 mittit
1751 2566 1755 2573 ι

335 2587 460 2612 secunda
483 2587 510 2612 1.
591 2587 621 2620 b)
643 2587 676 2615 P.
699 2588 755 2613 sibi
779 2595 807 2620 q.
831 2588 888 2614 sibi
911 2596 938 2615 a.
964 2591 989 2615 1.
1079 2591 1105 2624 e)
1126 2599 1148 2626 q,
1166 2602 1203 2615 =
1225 2593 1307 2625 quod
1330 2595 1356 2620 1.
1445 2590 1476 2626 d)
1497 2593 1515 2619 ι’.
1539 2599 1563 2619 e.
1586 2592 1646 2619 1111.
1726 2591 1756 2626 e)
1815 2598 1819 2632 J

335 2629 472 2658 tempore
493 2632 580 2657 ormg
601 2623 618 2653 ὁ
641 2624 825 2663 Περιγγεριος
847 2635 935 2655 οιτον
949 2629 1141 2666 τυρανρηδςω
1153 2632 1209 2666 αλη
1226 2639 1243 2666 η
1259 2632 1371 2659 italam
1386 2640 1427 2659 νω
1441 2631 1587 2666 eporegia
1601 2631 1630 2658 8.
1681 2629 1749 2665 On
1768 2644 1784 2654 Ιι

335 2663 365 2698 3)
386 2663 593 2691 'rhiedbndus
613 2666 643 2691 5.

340 2768 376 2813 1)
402 2770 484 2803 Lini
510 2771 601 2804 Acta
630 2773 742 2805 sancti
769 2773 865 2806 Petri
892 2784 922 2807 c.
944 2775 985 2806 11
1015 2775 1125 2818 (Acta
1150 2781 1262 2811 sanct.
1290 2776 1346 2811 ed.
1366 2775 1532 2811 Bouana.
1548 2776 1643 2812 Iunii
1660 2776 1703 2820 V,
1721 2776 1783 2810 42
1814 2749 1817 2757 Δ

337 2816 377 2861 2)
403 2819 428 2852 i.
455 2829 486 2853 e.
514 2820 597 2862 quin.
622 2821 658 2853 in
685 2830 827 2855 censum
855 2823 1041 2866 animatus,
1069 2835 1194 2859 census
1221 2827 1371 2870 avidior,
1398 2829 1486 2860 erat.
1763 2855 1765 2857 .
1813 2835 1815 2849 ¹

1794 2472 1821 2561 ‘i

1814 2578 1819 2734 ι

1776 2903 1784 2982 ss
1810 2925 1823 2991 &³
