1838 3210
33 203 72 310 f}
251 241 555 276 LIUDPRANDI
580 241 929 276 ANTAPODOSIS.
980 241 1075 275 LIB.
1102 242 1130 275 1.
1185 242 1342 277 13—14.
1507 243 1550 274 13

88 351 273 406 veritas,
302 352 397 409 ipsa
425 351 573 395 saltem
605 352 791 395 furorem
826 359 947 395 tuum
981 352 1256 395 humanitatis
1293 359 1552 409 temperaret
1564 365 1631 391 8⁹2-

41 408 352 452 mmunitas.
419 408 529 451 Eras
568 410 681 451 enim
720 408 831 451 inter
867 408 1058 452 homines
1087 408 1229 462 homo,
1268 410 1305 451 si
1343 409 1549 465 dignitate

88 461 262 518 -blimis,
291 478 377 507 non
405 472 548 507 tamen
576 472 728 507 natura
765 463 994 507 dissimilis.
1051 463 1228 507 Flebilis
1267 465 1346 507 hec
1379 465 1550 507 misera-

41 515 235 577 {bilisque
263 520 464 574 conditio,
500 535 600 563 cum
628 519 700 562 illa
731 520 966 564 bestiarum
1005 521 1267 578 serpentium
1297 535 1373 564 seu
1401 519 1550 563 alitum

45 578 65 586 ’
138 589 211 618 era
240 589 351 633 quae
379 575 669 619 intollerabilis
697 575 843 619 feritas
871 591 922 618 ac
951 575 1103 619 loetale
1131 577 1248 619 virus
1286 577 1341 620 ab
1371 577 1550 619 homini-

34 589 137 677 ffi
165 639 362 689 separata
389 646 484 675 esse
513 632 626 686 facit,
655 638 704 674 ut
732 638 832 675 sunt
860 631 1061 686 basilisci,
1090 631 1228 689 reguli
1239 639 1270 684 ⁸,
1298 632 1368 675 vel
1388 633 1550 676 rinoce-

28 691 180 741 retes,
208 702 286 730 seu
314 688 472 746 gripes,
502 702 613 746 quae
642 689 770 731 etiam
799 695 977 746 aspectu
1005 689 1101 746 ipso
1127 689 1290 731 cunctis
1309 689 1551 745 perniciosa

27 755 147 787 esse
174 742 388 798 videntur,
417 745 527 787 inter
555 758 649 786 sese
679 750 823 786 tamen
850 758 929 801 pro
959 745 1122 801 origine
1142 745 1278 801 ipsius
1297 744 1550 788 affectionis-

27 795 35 827 ’-
49 811 138 856 ⁴que
176 799 387 842 consortio
426 807 580 857 pacata
618 805 661 842 et
688 799 865 842 innoxia
924 806 1191 855 erseverant3
1232 799 1361 843 homo
1390 808 1548 855 autem,

28 855 36 883 3
50 853 110 897 ad
128 854 359 912 imaginem
378 855 781 913 similitudinemque
801 855 870 898 dei
906 863 1108 910 ormatus‚
1126 855 1235 913 legis
1255 856 1325 899 dei
1341 857 1549 910 conscius,

52 910 229 953 rationis
259 925 310 954 ca
342 926 412 964 ax,
449 925 536 954 non
565 910 703 954 solum
730 911 974 968 proximum
1013 926 1100 955 non
1136 926 1282 954 amare
1309 913 1442 967 iuvat,
1472 912 1549 955 sed

23 1002 26 1003 ν
51 972 96 1010 ot
123 965 264 1009 odisse
292 981 321 1024 p
339 968 524 1010 urimum
551 966 703 1010 valeat.
761 967 995 1010 Videamus
1024 968 1167 1025 igitur,
1226 968 1302 1010 uid
1321 969 1548 1023 Iohannes,

21 1035 31 1059 1
50 1036 139 1065 non
189 1021 350 1077 unibat,
378 1023 453 1066 sed
472 1024 594 1080 virgo
615 1022 682 1066 ille
702 1024 902 1079 egregius
918 1032 944 1077 ¹,
974 1024 1127 1067 secreti
1153 1038 1201 1066 ce
1217 1025 1319 1067 estis
1339 1025 1549 1080 conscius,

35 1079 37 1093 ³
50 1078 123 1122 cui
178 1078 349 1122 'hristus
382 1081 427 1121 in
455 1094 582 1122 cruce
611 1085 790 1127 matrem
810 1080 1022 1135 virginem
1042 1080 1198 1137 virgini
1219 1080 1548 1135 commendavit,

51 1147 183 1192 super
209 1133 364 1179 talibus
394 1135 582 1178 dixerat:
613 1136 714 1188 ‘Qui
744 1135 836 1178 odit
863 1135 1036 1179 fratrem
1066 1150 1205 1191 suum,
1226 1136 1442 1179 homicida
1461 1144 1766 1192 est311011.s,1s.

51 1196 98 1233 et
124 1191 256 1245 scitis,
286 1192 388 1248 quia
417 1191 553 1234 omnis
582 1190 798 1233 homicida
824 1206 911 1234 non
940 1191 1069 1235 habet
1096 1193 1230 1235 vitam
1258 1199 1476 1236 aeternam
1504 1193 1550 1235 in

49 1261 99 1291 se
135 1247 434 1290 manentem’b.
493 1247 581 1290 Sed
617 1247 841 1290 redeamus
880 1247 938 1290 ad
973 1262 1078 1291 rem.
1140 1248 1325 1292 Devicto
1363 1263 1550 1306 namque

20 1301 316 1347 Gentebaldo
335 1302 665 1346 Maravanorum
694 1302 805 1345 duce
817 1311 847 1359 θ,
876 1302 1081 1347 Amulfus
1108 1319 1216 1361 pace
1245 1303 1392 1348 habita
1417 1320 1550 1362 regno

50 1358 225 1418 potitur.
282 1358 386 1400 Hun
418 1359 497 1401 arii
535 1359 702 1401 interim
742 1357 969 1403 observato
1008 1361 1150 1415 exitu,
1191 1360 1550 1427 contemplatique

25 1427 36 1470 ,3
49 1414 283 1472 regionem,
313 1428 387 1458 cor
420 1414 514 1458 ‘bus
540 1414 715 1470 malum,
746 1415 863 1473 quod
890 1421 990 1473 post
1016 1416 1060 1458 in
1088 1416 1314 1474 propatulo
1334 1424 1505 1474 aparu1t
1516 1418 1550 1472 ἅ,

49 1469 417 1515 machinabantur.

35 1547 41 1553 1
168 1526 233 1568 14.
274 1526 394 1569 Dum
423 1525 528 1569 haec
556 1533 755 1583 aguntur,
786 1542 865 1569 rex
895 1526 1034 1570 Gallie
1057 1527 1256 1582 Karolus‚
1287 1529 1362 1586 qui
1391 1540 1617 1585 cogno-(w

36 1582 238 1633 ,minatus
281 1589 346 1625 est
384 1581 542 1625 Calvus
555 1590 585 1635 ²,
629 1589 869 1639 presentem
912 1583 1133 1627 moriendo
1176 1586 1359 1628 mutavit
1400 1585 1546 1628 vitam.
1561 1580 1628 1647 ἷξε·

30 1637 138 1686 :Oui
166 1637 268 1681 dum
297 1638 472 1692 viveret,
503 1637 666 1681 nobiles
686 1638 772 1681 duo
792 1654 847 1682 ex
868 1638 992 1682 Italia
1011 1646 1310 1697 prepotentes⁰
1330 1641 1547 1698 principes
1622 1642 1628 1649 '
1654 1624 1700 1653 ¹⁸⁶

41 1694 309 1748 serviebant,
339 1709 521 1752 quorum
541 1694 673 1737 Wido
702 1693 821 1749 alter,
845 1694 950 1738 alter
975 1694 1115 1739 dictus
1135 1702 1200 1739 est
1219 1696 1505 1754 Berengarius
1518 1704 1548 1739 ³.

49 1749 115 1795 Hi
148 1765 250 1793 sane
287 1757 405 1793 tanto
445 1756 543 1792 sunt
579 1750 861 1793 amicitiarum
900 1750 1072 1794 foedere
1140 1751 1345 1807 lutinati‘,
1383 1759 1430 1795 ut
1467 1752 1550 1795 hoc

34 1805 135 1850 'sibi
164 1805 436 1849 iureiurando
497 1808 772 1860 romitterent,
802 1808 904 1873 quia
932 1807 968 1850 si
996 1808 1087 1864 regi
1184 1807 1272 1851 rolo
1303 1809 1551 1866 superstites

10 1875 12 1877 ·
35 1903 41 1919 ⁴-
51 1861 205 1917 forent,
234 1860 406 1905 alterius
478 1868 542 1905 ter
571 1861 826 1905 ordinatiom
856 1864 1075 1907 coniveret
1085 1871 1118 1918 8,
1148 1863 1313 1907 scilicet
1340 1871 1389 1907 ut
1419 1864 1549 1909 Wido

83 1932 186 1961 uam
227 1917 464 1961 Romanam
508 1917 656 1961 dicunt
700 1919 928 1961 Franciam
945 1952 956 1973 ,
1004 1919 1291 1985 Berengarius
1339 1921 1551 1979 optineret

9 1982 40 2027 33„
76 1972 235 2018 taliam.
293 1973 381 2017 Sed
410 1989 509 2017 cum
538 1972 740 2017 nonnulla
767 1976 853 2018 sint
887 1975 1051 2018 incerta
1079 1983 1122 2019 et
1150 1975 1366 2019 instabilia
1404 1978 1550 2019 amici-

51 2029 207 2074 flamm
227 2044 398 2087 genera,
420 2044 531 2087 quae
550 2029 730 2073 diversis
748 2030 888 2074 modis
907 2030 1141 2074 humanum
1160 2046 1295 2088 genus
1310 2032 1551 2076 dilectionis

53 2086 257 2131 societate
305 2092 560 2140 conectunt,
609 2092 657 2129 ut
698 2086 907 2144 quosdam
955 2087 1191 2144 precedens
1234 2088 1550 2132 commendatio

32 2140 329 2200 ,posmodum
346 2142 558 2185 amicitiae
577 2141 680 2186 facit
698 2142 806 2186 inire
825 2144 1088 2198 commertia,
1113 2142 1218 2186 alios
1238 2145 1550 2210 negociationis

8 2203 129 2249 {pseu
156 2196 330 2241 militiae
357 2196 425 2241 vel
453 2198 557 2241 artis
585 2212 638 2241 ac
673 2198 801 2241 studii
838 2198 1083 2254 similitudo,
1123 2214 1232 2257 quae
1261 2207 1403 2255 enam,
1439 2201 1551 2244 sicut

7 2251 36 2304 ξς
51 2267 109 2298 ex
138 2252 331 2307 diversis,
360 2252 429 2296 vel
457 2252 575 2308 lucri,
606 2253 673 2297 vel
700 2253 903 2309 libidinis,
933 2254 1003 2298 vel
1032 2254 1395 2299 necessitudinum
1414 2257 1548 2300 varia-

52 2322 148 2354 rum
160 2310 179 2338 ⁸
194 2308 462 2353 sotietatibus
477 2309 774 2367 adquiruntur,
793 2311 854 2354 ita
868 2310 1155 2355 intercedente
1172 2310 1363 2369 qualibet
1376 2312 1549 2356 divortii

53 2365 279 2410 occasione
307 2364 551 2409 solvuntur:
589 2366 671 2408 hoc
708 2373 850 2409 tamen
885 2374 961 2421 est,
1000 2366 1081 2410 hoc
1119 2367 1295 2425 inquam
1334 2369 1547 2412 amicitiae

3 2420 1547 2523 εῇῇῇῇῇξ““”ῇῇῇῇεῇῇῇῇῇῇῇῇῇῇώῇω’

4 2545 38 2595 22*
52 2533 288 2591 principio,
332 2491 593 2590 indiruptam
636 2533 823 2590 quivisse
864 2549 1033 2578 servare
1075 2495 1375 2579 conis-ordiam.a
1415 2496 1548 2580 Ηέΐῐῖἓ

4 2625 40 2685 j2³·
53 2657 87 2693 ι)
107 2658 159 2686 hae
178 2666 244 2686 vm
264 2660 362 2692 {ncipit
384 2661 411 2686 2,
494 2660 526 2694 b)
548 2662 671 2686 nonum
695 2661 722 2686 Ι.
797 2660 825 2692 e)
849 2660 939 2688 dulce
958 2668 1034 2688 eor-r.
1056 2662 1135 2689 duco
1158 2664 1184 2691 1.
1253 2663 1285 2698 d)
1304 2663 1327 2689 ι’.
1348 2671 1371 2691 ε.
1392 2664 1545 2697 apparuit.

1439 2710 1453 2729 G

4 2714 30 2737 it
50 2696 88 2735 >0)
108 2699 331 2732 propo-iteum·
352 2706 429 2725 εον-ν.
452 2701 649 2733 prepotente-
674 2699 699 2725 1.
783 2698 807 2731 f)
827 2700 1031 2733 conglutinati
1053 2701 1081 2728 ὓ.
1105 2702 1159 2731 δι.
1181 2699 1249 2729 δι’.
1340 2702 1372 2735 α)
1394 2703 1417 2729 ι’.
1457 2723 1464 2731 .
1486 2710 1556 2730 con·

7 2736 178 2765 *im-m
201 2739 226 2765 i.
306 2737 338 2770 h)
361 2738 481 2765 uarium
506 2740 531 2765 1.

7 2826 100 2881 ;1)
125 2835 181 2872 cf.
205 2837 297 2871 infra
323 2837 372 2878 11,
408 2847 440 2871 c.
467 2836 502 2870 6.
652 2836 691 2880 2)
716 2837 787 2878 111,
814 2838 859 2872 ef.
885 2848 993 2883 supra
1017 2850 1052 2883 p.
1081 2839 1103 2871 8
1130 2840 1215 2874 n.1.
1378 2840 1419 2884 8)
1448 2840 1555 2875 wido

8 2885 216 2938 ¹¹guarcino
242 2885 460 2931 Spoletinus,
495 2885 735 2929 Boreae-rius
761 2886 1031 2922 Foroiuliends.
