1838 3210
211 189 515 224 LIUDPRANDI
540 187 887 223 ANTAPODOSIS.
937 189 1031 222 LIB.
1057 189 1126 222 111.
1178 189 1311 223 8-12.
1458 190 1504 223 59

90 322 99 339 ι
154 315 247 343 sese
276 300 496 344 dissidere.
554 300 658 343 Zelo
688 300 849 366 quippe
883 314 970 342 non
996 299 1165 343 modico
1194 308 1369 357 propter
1397 300 1504 343 Her·
1519 318 1586 346 92⁵.

97 377 103 393 .
143 356 272 400 ardae
314 356 644 414 pulcritudinem
694 363 818 399 iuxta
870 356 1009 399 carnis
1058 356 1185 399 huius
1235 355 1504 413 putredinem

41 418 53 468 ᾗς
95 412 304 466 -ebantur,
333 427 384 456 eo
414 411 529 470 quod
557 427 609 455 ea
636 420 832 470 stuprum
869 411 962 456 aliis
1028 411 1216 466 rebebat,
1256 411 1350 454 aliis
1379 412 1504 455 dene-

43 522 50 527 Μ
84 475 158 511 ·=t.
213 468 339 512 Unde
367 468 527 511 factum
557 476 634 522 est,
674 477 722 512 ut
753 467 950 533 predives
1026 467 1309 512 ediolanensis
1344 467 1504 512 archie-

108 538 216 582 opus
253 523 530 582 nonnullique
567 523 639 567 alii
685 539 798 581 regls
837 523 1009 567 Rodulfi
1083 523 1247 568 artibus
1290 524 1503 579 faverent;

38 583 56 637 ‘j'
83 600 102 618 ι·
156 579 480 638 Hermengarda
522 595 625 624 vero
668 588 730 623 tot
773 579 901 623 simul
943 580 1043 624 rebe
1076 595 1120 624 es
1156 581 1344 634 aderant,
1388 580 1503 638 quod

180 637 311 681 etiam
338 637 460 694 regni
489 644 620 694 caput
648 637 828 694 Papiam
862 638 954 694 regi
991 651 1077 680 non
1112 636 1334 680 inviriliter
1362 637 1503 694 prohi—

15 706 17 710 ’
41 699 175 737 rent.

125 761 166 804 9.
221 761 404 804 Factum
434 768 498 804 est
525 768 682 815 autem,
722 768 770 804 ut
797 776 874 804 rex
902 760 1113 804 Rodulfus
1144 760 1329 804 collectis
1369 761 1503 818 copiis

16 850 19 853 ⁴
50 817 193 875 apiam
221 816 422 860 tenderet.
484 816 816 860 Castrametatus
845 831 948 860 vero
991 816 1172 860 miliario
1210 816 1265 859 ab
1297 817 1414 870 urbe,
1453 832 1503 860 eo

31 875 49 930 f·
101 871 196 916 loco
240 887 326 939 quo
368 872 544 916 Ticinus
587 872 714 916 simul
754 888 797 915 m
856 888 1022 931 nusque
1060 873 1129 916 ille
1168 873 1314 917 Padus
1351 887 1505 916 conve·

18 936 149 986 ·unt,
179 955 235 962 -
263 944 309 972 m
336 930 459 972 cuius
487 929 609 972 Maro
638 930 700 972 sic
728 927 844 972 laudi
878 945 928 972 us
958 930 1072 972 canit
1083 938 1111 983 ¹,

125 984 388 1028 ‘Fluviorum
406 1001 483 1028 rex
508 984 783 1039 Heridanus'3
1009 986 1221 1043 itemque²

16 1058 42 1084 ν,
125 1041 347 1098 ‘Corniger
375 1041 663 1098 Hesperidum
691 1041 846 1084 fluvius
875 1048 1077 1098 regnator
1103 1043 1337 1099 aquarum'‚
1368 1068 1420 1074 —

70 1096 352 1155 ·rmengarda,
399 1105 448 1140 ut
489 1112 576 1140 non
623 1096 833 1151 incallida,
881 1096 1067 1140 Rodulfo
1115 1098 1207 1155 regi
1256 1096 1503 1140 huiusmodi

16 1150 61 1189 ’“·
171 1169 248 1211 per
276 1154 499 1197 memorati
529 1152 697 1196 alveum
726 1153 847 1196 fluvii
877 1153 1079 1196 mandata
1107 1153 1372 1196 transmittit:

24 1271 26 1273 ‚
127 1221 193 1268 10.
250 1221 313 1266 ‘Si
342 1229 383 1266 te
443 1222 589 1266 erdere
617 1220 782 1273 vellem,
826 1222 911 1264 iam
947 1221 1076 1280 longo
1115 1237 1171 1266 ex
1208 1229 1400 1279 tempore
1429 1237 1503 1265 ex-

25 1283 171 1335 gnotus
199 1293 328 1322 esses.
426 1279 469 1321 ui
499 1279 603 1337 quip
636 1292 659 1320 e
689 1292 836 1321 omnes
856 1285 898 1321 te
918 1278 1111 1321 deserere
1131 1293 1200 1321 me
1232 1292 1286 1321 ue
1306 1278 1504 1322 ardenter

21 1342 56 1385 ζ’·
71 1334 81 1343 “
107 1348 143 1388 e,
173 1335 211 1377 si
239 1349 382 1378 meum
411 1334 539 1377 modo
646 1336 680 1378 it
707 1333 828 1388 velle,
858 1334 1133 1378 contendunt.
1290 1333 1356 1377 his
1387 1335 1500 1379 enim

18 1389 51 1441 J
85 1388 203 1445 locis,
231 1391 276 1433 in
334 1391 461 1435 uibus
500 1397 649 1448 captus
677 1391 846 1433 vinctus
878 1405 933 1434 ue
972 1406 1086 1434 esses
1139 1392 1175 1433 si
1214 1405 1362 1434 eorum
1399 1392 1501 1433 iam-

16 1454 60 1502 ’.ρ’
81 1460 175 1489 ·um
205 1461 306 1490 cons
339 1448 389 1490 ”s
428 1447 690 1506 paruissem’.
758 1445 852 1489 Tali
884 1462 935 1489 us
972 1462 1050 1490 rex
1086 1423 1372 1513 legationibus
1415 1461 1502 1490 non

76 1516 150 1544 um
191 1502 390 1547 credulus
428 1518 581 1546 verum
619 1503 747 1546 etiam
786 1504 968 1557 territus,
1011 1503 1173 1546 nuntiis
1211 1504 1411 1557 remissis,
1456 1518 1501 1547 se

94 1578 101 1595 ι
166 1573 211 1601 ιιι
263 1559 468 1619 quicquid
506 1574 557 1603 ea
593 1558 843 1613 consuleret,
886 1559 1166 1603 remandavit.
1234 1560 1325 1603 Nec
1368 1573 1501 1614 mora,

30 1619 76 1671 μὴ·
89 1615 206 1658 nenti
235 1624 359 1659 nocte
387 1631 466 1659 rex
494 1614 703 1658 Rodulfus
742 1614 851 1658 clam
891 1615 1155 1670 custodibus,
1197 1614 1382 1658 dimissis
1413 1629 1501 1658 om-

23 1670 152 1727 ζ’ἰιιε,
182 1670 358 1715 dimisso
386 1673 580 1725 tentorio,
610 1670 719 1715 lecto
749 1672 878 1715 etiam
906 1670 1016 1715 bene
1058 1686 1139 1714 con
1172 1673 1292 1727 osito,
1330 1670 1500 1715 lintrem

39 1748 76 1780 ς»,
116 1741 228 1770 ·sus
257 1742 359 1771 suos
389 1728 588 1782 deseruit,
617 1734 746 1785 atque
774 1727 829 1770 ad
846 1727 1118 1785 Hermengar
1147 1742 1217 1771 am
1247 1728 1500 1786 quantocius

35 1782 294 1841 speravit&

126 1853 192 1894 11.
249 1852 387 1910 Igitur
413 1866 538 1895 mane
564 1851 689 1905 facto,
719 1866 762 1893 m
850 1865 875 1894 o
904 1867 999 1894 cum
1027 1851 1194 1896 silentio
1213 1868 1259 1895 re
1347 1851 1501 1896 milites

31 1919 73 1945 1··
111 1909 241 1951 rium
283 1908 530 1951 circuibant.
602 1908 799 1951 Venienti
833 1923 884 1950 us
924 1923 1026 1951 vero
1078 1909 1212 1966 princi
1245 1868 1361 1963 iffuss,
1415 1923 1501 1951 non

16 1962 57 1987 ‘·
105 1978 149 2007 a
175 1965 284 2007 inter
311 1979 385 2007 eos
412 1963 636 2007 admiratio
666 1971 768 2018 erat,
811 1979 888 2007 cur
915 1963 1084 2007 insolito
1114 1980 1192 2008 rex
1252 1979 1325 2008 ora
1354 1965 1499 2008 huius-

67 2019 130 2063 ·di
166 2020 426 2065 dormitaret.
493 2019 689 2078 Cumque
727 2021 919 2077 strepitu,
949 2029 995 2064 ut
1031 2020 1243 2078 spadones
1313 2021 1498 2063 uondam
1515 2036 1583 2063 rud.
1609 2036 1655 2062 ιι.

19 2120 42 2129 ,7
68 2074 308 2130 οΙοῖοηιθιιι,
355 2076 422 2120 evi
456 2077 465 2086 ‘
511 2090 557 2119 re
603 2077 857 2131 niterentur,
906 2076 1093 2129 nullum,
1139 2092 1265 2134 quem
1326 2076 1500 2120 modum

89 2134 138 2187 ',
168 2134 339 2176 omnino
368 2132 423 2175 da
453 2139 498 2175 at
525 2146 787 2190 responsum.
845 2132 1165 2176 Introeuntibus
1194 2141 1336 2177 autem
1367 2140 1526 2176 tento-·
1549 2154 1670 2181 uincet

150 2188 276 2232 nichil
310 2204 364 2232 ue
393 2203 468 2246 rep
501 2189 745 2243 orientibus,
775 2196 945 2246 raptum
978 2190 1089 2231 hunc
1117 2188 1201 2244 alii,
1232 2188 1501 2233 interfectum
1516 2193 1690 2221 0¹⁰f⁹r¹¹⁹··

17 2244 82 2302 337
113 2244 283 2289 clamita
313 2254 422 2299 ant„
503 2259 598 2288 emo
638 2252 793 2298 tamen,
834 2245 949 2302 quod
988 2245 1207 2302 transfuga
1243 2246 1376 2300 fieret,
1415 2244 1501 2288 ullo

15 2347 22 2356 .
57 2299 140 2345 odo
169 2301 504 2345 animadvertere
533 2307 712 2358 poterat.
771 2300 931 2344 Verum
962 2301 1041 2344 hac
1079 2300 1182 2344 dum
1221 2301 1500 2345 admiratione

44 2365 281 2411 ·ctuarent,
309 2358 484 2400 nuntius
512 2357 630 2400 venit
658 2357 731 2415 qui
752 2355 923 2411 diceret,
953 2356 1183 2400 Rodulfum
1204 2373 1350 2416 regem
1371 2372 1501 2415 super

15 2402 79 2449 ²²-
115 2428 215 2457 cum
243 2413 498 2457 adversariis
527 2427 675 2456 eorum
711 2412 818 2456 velle
857 2414 1030 2457 irruere.
1099 2414 1186 2468 Qui
1215 2430 1317 2458 mox
1356 2415 1499 2457 animo

28 2477 57 2506 ³·
79 2470 284 2525 mternati,
328 2477 413 2513 tam
444 2467 569 2513 celeri
598 2477 805 2567 ‘239th
831 2469 934 2527 fuga
961 2469 1192 2524 discedere,
1233 2479 1280 2515 ut
1308 2485 1393 2513 non
1423 2470 1500 2513 hos

41 2550 57 2567 a
123 2540 197 2579 re,
226 2525 314 2579 sed,
345 2526 380 2569 si
408 2525 589 2579 videres,
650 2540 782 2569 leercs
812 2525 1085 2570 transvolare.

13 2619 41 2659 f<
130 2594 193 2645 12.
254 2593 450 2652 Cumque
489 2592 806 2648 Mediolanium,
860 2602 998 2638 tutum
1037 2593 1198 2638 scilicet
1244 2594 1299 2637 ad
1344 2593 1499 2648 locum,

24 2655 32 2709 J
56 2670 73 2687 -ι
104 2650 318 2703 enissent,
370 2665 581 2694 consensu
620 2649 875 2707 Lampertus
918 2650 1265 2709 archiepiscopus
1311 2651 1500 2693 omnium

18 2764 46 2789 2³2
79 2758 188 2802 Ver-g.
216 2759 345 2804 Geor-g.
371 2761 401 2801 1,
428 2759 510 2794 482.
585 2759 623 2798 2)
650 2760 759 2804 Vei-g.
786 2760 875 2793 Aen.
898 2759 999 2799 vm.
1028 2760 1085 2794 77.
1162 2761 1200 2803 3)
1228 2760 1501 2804 Hermingardis

17 2806 266 2902 Ἂὶιιὲῑὲτέίιζὲ,
281 2809 355 2850 (vel
388 2808 530 2853 inclita)
565 2810 755 2844 comitis-t
787 2810 941 2843 occurrit
976 2810 1011 2843 in
1052 2808 1190 2843 duobus
1226 2809 1366 2843 Rodulfi
1406 2810 1501 2854 regis

21 2895 43 2918 s

19 2949 43 2982 4,

20 2982 43 3032 f}
