<?xml version="1.0" encoding="UTF-8"?>
<!DOCTYPE html PUBLIC "-//W3C//DTD XHTML 1.0 Transitional//EN"
    "http://www.w3.org/TR/xhtml1/DTD/xhtml1-transitional.dtd">
<html xmlns="http://www.w3.org/1999/xhtml" xml:lang="en" lang="en">
 <head>
  <title>
</title>
<meta http-equiv="Content-Type" content="text/html;charset=utf-8" />
  <meta name='ocr-system' content='tesseract 3.04.00' />
  <meta name='ocr-capabilities' content='ocr_page ocr_carea ocr_par ocr_line ocrx_word'/>
</head>
<body>
  <div class='ocr_page' id='page_1' title='image "./liudprandiepisco00liuduoft_0034.png"; bbox 0 0 1838 3210; ppageno 0'>
   <div class='ocr_carea' id='block_1_1' title="bbox 306 242 1600 284">
    <p class='ocr_par' dir='ltr' id='par_1_1' title="bbox 306 242 1600 284">
     <span class='ocr_line' id='line_1_1' title="bbox 306 242 1600 284; baseline -0.008 1"><span class='ocrx_word' id='word_1_1' title='bbox 306 252 349 284; x_wconf 84' lang='lat'><strong>12</strong></span> <span class='ocrx_word' id='word_1_2' title='bbox 512 249 815 284; x_wconf 82' lang='lat' dir='ltr'>LIUDPRANDI</span> <span class='ocrx_word' id='word_1_3' title='bbox 841 245 1188 282; x_wconf 79' lang='lat' dir='ltr'><strong>ANTAPODOSIS.</strong></span> <span class='ocrx_word' id='word_1_4' title='bbox 1240 244 1391 278; x_wconf 81' lang='lat' dir='ltr'>L113.1.</span> <span class='ocrx_word' id='word_1_5' title='bbox 1445 242 1600 276; x_wconf 77' lang='lat'>12-18.</span> 
     </span>
    </p>
   </div>
   <div class='ocr_carea' id='block_1_2' title="bbox 124 338 1838 2587">
    <p class='ocr_par' dir='ltr' id='par_1_2' title="bbox 124 338 1837 1535">
     <span class='ocr_line' id='line_1_2' title="bbox 124 338 1837 415; baseline -0.005 -12"><span class='ocrx_word' id='word_1_6' title='bbox 124 375 391 405; x_wconf 73' lang='lat' dir='ltr'><strong>sss-91s.non</strong></span> <span class='ocrx_word' id='word_1_7' title='bbox 420 361 634 415; x_wconf 84' lang='lat' dir='ltr'><strong>deterruit,</strong></span> <span class='ocrx_word' id='word_1_8' title='bbox 673 360 749 402; x_wconf 89' lang='lat' dir='ltr'><strong>sed</strong></span> <span class='ocrx_word' id='word_1_9' title='bbox 777 358 952 402; x_wconf 77' lang='lat' dir='ltr'>hilarem</span> <span class='ocrx_word' id='word_1_10' title='bbox 991 356 1189 400; x_wconf 84' lang='lat' dir='ltr'><strong>reddidit.</strong></span> <span class='ocrx_word' id='word_1_11' title='bbox 1247 338 1286 397; x_wconf 71' lang='lat' dir='ltr'>O</span> <span class='ocrx_word' id='word_1_12' title='bbox 1317 354 1478 397; x_wconf 84' lang='lat' dir='ltr'><strong>utinam</strong></span> <span class='ocrx_word' id='word_1_13' title='bbox 1507 353 1837 411; x_wconf 75' lang='lat' dir='ltr'><strong>interpretatio.</strong></span> 
     </span>
     <span class='ocr_line' id='line_1_3' title="bbox 304 411 1825 474; baseline -0.005 -14"><span class='ocrx_word' id='word_1_14' title='bbox 304 417 388 460; x_wconf 87' lang='lat' dir='ltr'><strong>alia</strong></span> <span class='ocrx_word' id='word_1_15' title='bbox 435 418 612 474; x_wconf 83' lang='lat' dir='ltr'><strong>imperio</strong></span> <span class='ocrx_word' id='word_1_16' title='bbox 662 422 734 458; x_wconf 90' lang='lat' dir='ltr'><strong>tuo</strong></span> <span class='ocrx_word' id='word_1_17' title='bbox 783 429 868 456; x_wconf 90' lang='lat' dir='ltr'><strong>non</strong></span> <span class='ocrx_word' id='word_1_18' title='bbox 915 413 1095 470; x_wconf 86' lang='lat' dir='ltr'><strong>placeat.</strong></span> <span class='ocrx_word' id='word_1_19' title='bbox 1167 411 1279 454; x_wconf 86' lang='lat' dir='ltr'><strong>Nam</strong></span> <span class='ocrx_word' id='word_1_20' title='bbox 1324 418 1366 454; x_wconf 80' lang='lat' dir='ltr'><strong>ct</strong></span> <span class='ocrx_word' id='word_1_21' title='bbox 1407 424 1476 452; x_wconf 89' lang='lat' dir='ltr'><strong>me</strong></span> <span class='ocrx_word' id='word_1_22' title='bbox 1525 422 1682 462; x_wconf 82' lang='grc' dir='ltr'><strong>μαντην</strong></span> <span class='ocrx_word' id='word_1_23' title='bbox 1728 423 1801 452; x_wconf 80' lang='grc' dir='ltr'><strong>και</strong></span> <span class='ocrx_word' id='word_1_24' title='bbox 1824 463 1825 466; x_wconf 12' lang='lat'>¹</span> 
     </span>
     <span class='ocr_line' id='line_1_4' title="bbox 306 464 1800 531; baseline -0.007 -14"><span class='ocrx_word' id='word_1_25' title='bbox 306 478 569 531; x_wconf 82' lang='grc' dir='ltr'>ονιροπολον,</span> <span class='ocrx_word' id='word_1_26' title='bbox 599 472 760 514; x_wconf 87' lang='lat' dir='ltr'><strong>mantin</strong></span> <span class='ocrx_word' id='word_1_27' title='bbox 790 471 845 512; x_wconf 91' lang='lat' dir='ltr'><strong>ke</strong></span> <span class='ocrx_word' id='word_1_28' title='bbox 876 468 1138 526; x_wconf 86' lang='lat' dir='ltr'>oniropolon,</span> <span class='ocrx_word' id='word_1_29' title='bbox 1184 467 1227 509; x_wconf 90' lang='lat' dir='ltr'><strong>id</strong></span> <span class='ocrx_word' id='word_1_30' title='bbox 1267 473 1331 509; x_wconf 88' lang='lat' dir='ltr'><strong>cst</strong></span> <span class='ocrx_word' id='word_1_31' title='bbox 1359 465 1553 508; x_wconf 83' lang='lat' dir='ltr'><strong>divinum</strong></span> <span class='ocrx_word' id='word_1_32' title='bbox 1581 471 1626 508; x_wconf 84' lang='lat' dir='ltr'><strong>et</strong></span> <span class='ocrx_word' id='word_1_33' title='bbox 1645 464 1800 508; x_wconf 85' lang='lat' dir='ltr'><strong>somnii</strong></span> 
     </span>
     <span class='ocr_line' id='line_1_5' title="bbox 305 519 1800 584; baseline -0.007 -12"><span class='ocrx_word' id='word_1_34' title='bbox 305 529 584 582; x_wconf 87' lang='lat' dir='ltr'><strong>venditorem,</strong></span> <span class='ocrx_word' id='word_1_35' title='bbox 614 543 704 571; x_wconf 86' lang='lat' dir='ltr'><strong>esse</strong></span> <span class='ocrx_word' id='word_1_36' title='bbox 732 525 894 584; x_wconf 83' lang='lat' dir='ltr'><strong>liquido</strong></span> <span class='ocrx_word' id='word_1_37' title='bbox 924 524 1064 582; x_wconf 87' lang='lat' dir='ltr'><strong>patet&#39;.</strong></span> <span class='ocrx_word' id='word_1_38' title='bbox 1122 523 1203 565; x_wconf 87' lang='lat' dir='ltr'><strong>His</strong></span> <span class='ocrx_word' id='word_1_39' title='bbox 1237 522 1406 576; x_wconf 86' lang='lat' dir='ltr'><strong>auditis,</strong></span> <span class='ocrx_word' id='word_1_40' title='bbox 1445 534 1601 579; x_wconf 83' lang='lat' dir='ltr'><strong>magno</strong></span> <span class='ocrx_word' id='word_1_41' title='bbox 1630 526 1696 563; x_wconf 84' lang='lat' dir='ltr'><strong>est</strong></span> <span class='ocrx_word' id='word_1_42' title='bbox 1721 519 1800 564; x_wconf 87' lang='lat' dir='ltr'><strong>im-</strong></span> 
     </span>
     <span class='ocr_line' id='line_1_6' title="bbox 307 576 1801 644; baseline -0.005 -17"><span class='ocrx_word' id='word_1_43' title='bbox 307 591 477 643; x_wconf 87' lang='lat' dir='ltr'><strong>perator</strong></span> <span class='ocrx_word' id='word_1_44' title='bbox 519 583 726 626; x_wconf 90' lang='lat' dir='ltr'><strong>cachinno</strong></span> <span class='ocrx_word' id='word_1_45' title='bbox 763 581 956 635; x_wconf 85' lang='lat' dir='ltr'><strong>inflatus3</strong></span> <span class='ocrx_word' id='word_1_46' title='bbox 1008 594 1158 623; x_wconf 88' lang='lat' dir='ltr'><strong>verum</strong></span> <span class='ocrx_word' id='word_1_47' title='bbox 1197 578 1468 644; x_wconf 69' lang='lat' dir='ltr'><strong>prudentiam</strong></span> <span class='ocrx_word' id='word_1_48' title='bbox 1505 576 1633 619; x_wconf 85' lang='lat' dir='ltr'><strong>huius</strong></span> <span class='ocrx_word' id='word_1_49' title='bbox 1670 582 1801 635; x_wconf 81' lang='lat' dir='ltr'><strong>atque</strong></span> 
     </span>
     <span class='ocr_line' id='line_1_7' title="bbox 309 631 1802 695; baseline -0.006 -12"><span class='ocrx_word' id='word_1_50' title='bbox 309 640 637 684; x_wconf 86' lang='lat' dir='ltr'><strong>sollicitudinem</strong></span> <span class='ocrx_word' id='word_1_51' title='bbox 677 638 773 695; x_wconf 88' lang='lat' dir='ltr'><strong>plus</strong></span> <span class='ocrx_word' id='word_1_52' title='bbox 811 637 1066 690; x_wconf 82' lang='lat' dir='ltr'><strong>admiratus,</strong></span> <span class='ocrx_word' id='word_1_53' title='bbox 1109 642 1303 692; x_wconf 74' lang='lat' dir='ltr'><strong>protinus</strong></span> <span class='ocrx_word' id='word_1_54' title='bbox 1345 633 1459 675; x_wconf 87' lang='lat' dir='ltr'><strong>infit:</strong></span> <span class='ocrx_word' id='word_1_55' title='bbox 1508 631 1715 675; x_wconf 75' lang='lat' dir='ltr'>‘Antehac</span> <span class='ocrx_word' id='word_1_56' title='bbox 1753 643 1802 676; x_wconf 79' lang='lat' dir='ltr'><strong>os</strong></span> 
     </span>
     <span class='ocr_line' id='line_1_8' title="bbox 308 686 1802 753; baseline -0.007 -13"><span class='ocrx_word' id='word_1_57' title='bbox 308 712 403 740; x_wconf 79' lang='grc' dir='ltr'>ουτε</span> <span class='ocrx_word' id='word_1_58' title='bbox 434 711 589 749; x_wconf 88' lang='grc' dir='ltr'>μαντην</span> <span class='ocrx_word' id='word_1_59' title='bbox 619 710 714 738; x_wconf 83' lang='grc' dir='ltr'>ουτε</span> <span class='ocrx_word' id='word_1_60' title='bbox 744 697 1007 753; x_wconf 83' lang='grc' dir='ltr'>ονιροπολον,</span> <span class='ocrx_word' id='word_1_61' title='bbox 1039 698 1114 734; x_wconf 69' lang='lat' dir='ltr'><strong>se⁸</strong></span> <span class='ocrx_word' id='word_1_62' title='bbox 1142 696 1214 733; x_wconf 86' lang='lat' dir='ltr'><strong>ute</strong></span> <span class='ocrx_word' id='word_1_63' title='bbox 1243 690 1406 732; x_wconf 84' lang='lat' dir='ltr'><strong>mantin</strong></span> <span class='ocrx_word' id='word_1_64' title='bbox 1434 695 1506 732; x_wconf 85' lang='lat' dir='ltr'><strong>ute</strong></span> <span class='ocrx_word' id='word_1_65' title='bbox 1536 686 1802 746; x_wconf 80' lang='lat' dir='ltr'>oniropolon,</span> 
     </span>
     <span class='ocr_line' id='line_1_9' title="bbox 307 743 1802 815; baseline -0.006 -20"><span class='ocrx_word' id='word_1_66' title='bbox 307 760 348 796; x_wconf 86' lang='lat' dir='ltr'><strong>te</strong></span> <span class='ocrx_word' id='word_1_67' title='bbox 387 766 527 809; x_wconf 85' lang='lat' dir='ltr'><strong>neque</strong></span> <span class='ocrx_word' id='word_1_68' title='bbox 567 751 760 793; x_wconf 89' lang='lat' dir='ltr'><strong>divinum</strong></span> <span class='ocrx_word' id='word_1_69' title='bbox 797 764 934 815; x_wconf 81' lang='lat' dir='ltr'><strong>neque</strong></span> <span class='ocrx_word' id='word_1_70' title='bbox 978 747 1131 790; x_wconf 91' lang='lat' dir='ltr'><strong>somnii</strong></span> <span class='ocrx_word' id='word_1_71' title='bbox 1173 746 1438 789; x_wconf 87' lang='lat' dir='ltr'><strong>venditorem</strong></span> <span class='ocrx_word' id='word_1_72' title='bbox 1481 759 1598 799; x_wconf 88' lang='lat' dir='ltr'><strong>esse,</strong></span> <span class='ocrx_word' id='word_1_73' title='bbox 1639 743 1802 788; x_wconf 78' lang='lat' dir='ltr'><strong>audivi.</strong></span> 
     </span>
     <span class='ocr_line' id='line_1_10' title="bbox 308 798 1833 860; baseline -0.006 -9"><span class='ocrx_word' id='word_1_74' title='bbox 308 809 434 851; x_wconf 89' lang='lat' dir='ltr'><strong>Hanc</strong></span> <span class='ocrx_word' id='word_1_75' title='bbox 462 822 564 850; x_wconf 89' lang='lat' dir='ltr'><strong>vero</strong></span> <span class='ocrx_word' id='word_1_76' title='bbox 595 822 685 850; x_wconf 88' lang='lat' dir='ltr'><strong>rem</strong></span> <span class='ocrx_word' id='word_1_77' title='bbox 723 820 838 847; x_wconf 87' lang='lat' dir='ltr'><strong>nunc</strong></span> <span class='ocrx_word' id='word_1_78' title='bbox 869 813 928 847; x_wconf 78' lang='lat' dir='ltr'><strong>ita</strong></span> <span class='ocrx_word' id='word_1_79' title='bbox 957 811 1102 860; x_wconf 85' lang='lat' dir='ltr'><strong>aperte</strong></span> <span class='ocrx_word' id='word_1_80' title='bbox 1143 802 1250 844; x_wconf 85' lang='lat' dir='ltr'><strong>dixti</strong></span> <span class='ocrx_word' id='word_1_81' title='bbox 1312 807 1360 844; x_wconf 88' lang='lat' dir='ltr'><strong>ut</strong></span> <span class='ocrx_word' id='word_1_82' title='bbox 1397 798 1502 843; x_wconf 89' lang='lat' dir='ltr'><strong>nihil</strong></span> <span class='ocrx_word' id='word_1_83' title='bbox 1540 799 1804 843; x_wconf 76' lang='lat' dir='ltr'><strong>circuitionis</strong></span> <span class='ocrx_word' id='word_1_84' title='bbox 1824 809 1833 819; x_wconf 69' lang='lat'><em>*</em></span> 
     </span>
     <span class='ocr_line' id='line_1_11' title="bbox 308 834 1804 918; baseline -0.005 -12"><span class='ocrx_word' id='word_1_85' title='bbox 308 879 411 906; x_wconf 89' lang='lat' dir='ltr'><strong>usus</strong></span> <span class='ocrx_word' id='word_1_86' title='bbox 457 878 585 907; x_wconf 87' lang='lat' dir='ltr'><strong>esses.</strong></span> <span class='ocrx_word' id='word_1_87' title='bbox 659 862 747 905; x_wconf 85' lang='lat' dir='ltr'><strong>Sed</strong></span> <span class='ocrx_word' id='word_1_88' title='bbox 790 861 891 918; x_wconf 88' lang='lat' dir='ltr'><strong>quia</strong></span> <span class='ocrx_word' id='word_1_89' title='bbox 918 858 1127 915; x_wconf 87' lang='lat' dir='ltr'><strong>vigilandi</strong></span> <span class='ocrx_word' id='word_1_90' title='bbox 1156 834 1401 900; x_wconf 74' lang='lat' dir='ltr'><strong>facustatem</strong></span> <span class='ocrx_word' id='word_1_91' title='bbox 1430 857 1522 899; x_wconf 82' lang='lat' dir='ltr'><strong>sive</strong></span> <span class='ocrx_word' id='word_1_92' title='bbox 1549 854 1804 913; x_wconf 80' lang='lat' dir='ltr'><strong>auspicandi</strong></span> 
     </span>
     <span class='ocr_line' id='line_1_12' title="bbox 309 913 1805 974; baseline -0.005 -12"><span class='ocrx_word' id='word_1_93' title='bbox 309 919 528 962; x_wconf 87' lang='lat' dir='ltr'><strong>scientiam</strong></span> <span class='ocrx_word' id='word_1_94' title='bbox 559 918 715 961; x_wconf 88' lang='lat' dir='ltr'><strong>habere</strong></span> <span class='ocrx_word' id='word_1_95' title='bbox 745 931 830 959; x_wconf 92' lang='lat' dir='ltr'><strong>non</strong></span> <span class='ocrx_word' id='word_1_96' title='bbox 859 930 1021 974; x_wconf 90' lang='lat' dir='ltr'><strong>posses,</strong></span> <span class='ocrx_word' id='word_1_97' title='bbox 1058 915 1139 957; x_wconf 91' lang='lat' dir='ltr'><strong>nisi</strong></span> <span class='ocrx_word' id='word_1_98' title='bbox 1179 913 1323 956; x_wconf 83' lang='lat' dir='ltr'><strong>divino</strong></span> <span class='ocrx_word' id='word_1_99' title='bbox 1361 913 1440 956; x_wconf 90' lang='lat' dir='ltr'><strong>tibi</strong></span> <span class='ocrx_word' id='word_1_100' title='bbox 1478 918 1591 955; x_wconf 83' lang='lat' dir='ltr'><strong>esset</strong></span> <span class='ocrx_word' id='word_1_101' title='bbox 1625 925 1805 955; x_wconf 83' lang='lat' dir='ltr'><strong>munere</strong></span> 
     </span>
     <span class='ocr_line' id='line_1_13' title="bbox 309 965 1805 1029; baseline -0.006 -11"><span class='ocrx_word' id='word_1_102' title='bbox 309 976 470 1029; x_wconf 84' lang='lat' dir='ltr'><strong>datum,</strong></span> <span class='ocrx_word' id='word_1_103' title='bbox 503 989 577 1017; x_wconf 88' lang='lat' dir='ltr'><strong>seu</strong></span> <span class='ocrx_word' id='word_1_104' title='bbox 604 989 755 1016; x_wconf 86' lang='lat' dir='ltr'><strong>verum</strong></span> <span class='ocrx_word' id='word_1_105' title='bbox 785 973 851 1026; x_wconf 84' lang='lat' dir='ltr'><strong>sit,</strong></span> <span class='ocrx_word' id='word_1_106' title='bbox 882 978 930 1014; x_wconf 90' lang='lat' dir='ltr'><strong>ut</strong></span> <span class='ocrx_word' id='word_1_107' title='bbox 957 985 1192 1028; x_wconf 77' lang='lat' dir='ltr'><strong>speramuS,</strong></span> <span class='ocrx_word' id='word_1_108' title='bbox 1222 970 1354 1011; x_wconf 91' lang='lat' dir='ltr'><strong>immo</strong></span> <span class='ocrx_word' id='word_1_109' title='bbox 1374 968 1602 1022; x_wconf 84' lang='lat' dir='ltr'><strong>credimus,</strong></span> <span class='ocrx_word' id='word_1_110' title='bbox 1633 982 1709 1011; x_wconf 87' lang='lat' dir='ltr'><strong>seu</strong></span> <span class='ocrx_word' id='word_1_111' title='bbox 1727 965 1805 1011; x_wconf 75' lang='lat' dir='ltr'><strong>fal-</strong></span> 
     </span>
     <span class='ocr_line' id='line_1_14' title="bbox 310 1023 1805 1083; baseline -0.005 -10"><span class='ocrx_word' id='word_1_112' title='bbox 310 1046 417 1083; x_wconf 89' lang='lat' dir='ltr'><strong>sum,</strong></span> <span class='ocrx_word' id='word_1_113' title='bbox 457 1035 601 1079; x_wconf 79' lang='grc' dir='ltr'><strong>καθως</strong></span> <span class='ocrx_word' id='word_1_114' title='bbox 642 1045 665 1072; x_wconf 94' lang='lat' dir='ltr'>o</span> <span class='ocrx_word' id='word_1_115' title='bbox 706 1034 948 1081; x_wconf 82' lang='grc' dir='ltr'><strong>Λουκιανος,</strong></span> <span class='ocrx_word' id='word_1_116' title='bbox 1002 1026 1149 1069; x_wconf 81' lang='lat' dir='ltr'>cathos</span> <span class='ocrx_word' id='word_1_117' title='bbox 1185 1040 1210 1067; x_wconf 95' lang='lat' dir='ltr'>o</span> <span class='ocrx_word' id='word_1_118' title='bbox 1249 1025 1461 1079; x_wconf 85' lang='lat' dir='ltr'><strong>lukianos,</strong></span> <span class='ocrx_word' id='word_1_119' title='bbox 1508 1023 1555 1066; x_wconf 92' lang='lat' dir='ltr'><strong>id</strong></span> <span class='ocrx_word' id='word_1_120' title='bbox 1590 1030 1657 1067; x_wconf 87' lang='lat' dir='ltr'><strong>est</strong></span> <span class='ocrx_word' id='word_1_121' title='bbox 1694 1024 1805 1067; x_wconf 84' lang='lat' dir='ltr'><strong>sicut</strong></span> 
     </span>
     <span class='ocr_line' id='line_1_15' title="bbox 308 1078 1805 1145; baseline -0.005 -17"><span class='ocrx_word' id='word_1_122' title='bbox 308 1087 524 1129; x_wconf 88' lang='lat' dir='ltr'><strong>Lucianus</strong></span> <span class='ocrx_word' id='word_1_123' title='bbox 555 1085 609 1127; x_wconf 89' lang='lat' dir='ltr'><strong>de</strong></span> <span class='ocrx_word' id='word_1_124' title='bbox 669 1084 827 1127; x_wconf 87' lang='lat' dir='ltr'><strong>uodam</strong></span> <span class='ocrx_word' id='word_1_125' title='bbox 866 1084 1010 1134; x_wconf 88' lang='lat' dir='ltr'><strong>dicit¹‚</strong></span> <span class='ocrx_word' id='word_1_126' title='bbox 1075 1081 1162 1124; x_wconf 91' lang='lat' dir='ltr'><strong>uod</strong></span> <span class='ocrx_word' id='word_1_127' title='bbox 1201 1081 1415 1123; x_wconf 88' lang='lat' dir='ltr'><strong>dormiens</strong></span> <span class='ocrx_word' id='word_1_128' title='bbox 1444 1078 1578 1122; x_wconf 85' lang='lat' dir='ltr'><strong>multa</strong></span> <span class='ocrx_word' id='word_1_129' title='bbox 1604 1093 1805 1145; x_wconf 84' lang='lat' dir='ltr'><strong>reppere-</strong></span> 
     </span>
     <span class='ocr_line' id='line_1_16' title="bbox 309 1133 1806 1199; baseline -0.005 -15"><span class='ocrx_word' id='word_1_130' title='bbox 309 1144 364 1185; x_wconf 86' lang='lat' dir='ltr'><strong>rit</strong></span> <span class='ocrx_word' id='word_1_131' title='bbox 391 1149 520 1199; x_wconf 88' lang='lat' dir='ltr'><strong>atque</strong></span> <span class='ocrx_word' id='word_1_132' title='bbox 549 1156 575 1182; x_wconf 93' lang='lat' dir='ltr'><strong>a</strong></span> <span class='ocrx_word' id='word_1_133' title='bbox 603 1156 659 1198; x_wconf 90' lang='lat' dir='ltr'><strong>ga</strong></span> <span class='ocrx_word' id='word_1_134' title='bbox 691 1155 715 1182; x_wconf 92' lang='lat' dir='ltr'>o</span> <span class='ocrx_word' id='word_1_135' title='bbox 746 1141 928 1183; x_wconf 82' lang='lat' dir='ltr'><strong>exitatus</strong></span> <span class='ocrx_word' id='word_1_136' title='bbox 956 1138 1046 1180; x_wconf 89' lang='lat' dir='ltr'><strong>nihi</strong></span> <span class='ocrx_word' id='word_1_137' title='bbox 1089 1138 1310 1190; x_wconf 88' lang='lat' dir='ltr'><strong>invenerit,</strong></span> <span class='ocrx_word' id='word_1_138' title='bbox 1350 1142 1398 1179; x_wconf 91' lang='lat' dir='ltr'><strong>tu</strong></span> <span class='ocrx_word' id='word_1_139' title='bbox 1425 1142 1570 1178; x_wconf 85' lang='lat' dir='ltr'><strong>tamen</strong></span> <span class='ocrx_word' id='word_1_140' title='bbox 1598 1133 1806 1193; x_wconf 78' lang='lat' dir='ltr'><strong>quicquid</strong></span> 
     </span>
     <span class='ocr_line' id='line_1_17' title="bbox 309 1191 1822 1254; baseline -0.005 -14"><span class='ocrx_word' id='word_1_141' title='bbox 309 1198 482 1249; x_wconf 89' lang='lat' dir='ltr'><strong>videris,</strong></span> <span class='ocrx_word' id='word_1_142' title='bbox 514 1196 720 1254; x_wconf 90' lang='lat' dir='ltr'><strong>quicquid</strong></span> <span class='ocrx_word' id='word_1_143' title='bbox 740 1196 935 1249; x_wconf 78' lang='lat' dir='ltr'><strong>senseris,</strong></span> <span class='ocrx_word' id='word_1_144' title='bbox 965 1193 1169 1252; x_wconf 90' lang='lat' dir='ltr'><strong>quicquid</strong></span> <span class='ocrx_word' id='word_1_145' title='bbox 1189 1193 1315 1235; x_wconf 84' lang='lat' dir='ltr'><strong>etiam</strong></span> <span class='ocrx_word' id='word_1_146' title='bbox 1336 1191 1562 1246; x_wconf 83' lang='lat' dir='ltr'><strong>inveneris,</strong></span> <span class='ocrx_word' id='word_1_147' title='bbox 1581 1197 1703 1234; x_wconf 89' lang='lat' dir='ltr'><strong>tuum</strong></span> <span class='ocrx_word' id='word_1_148' title='bbox 1723 1191 1822 1234; x_wconf 75' lang='lat' dir='ltr'><strong>sit&#39;.&#39;</strong></span> 
     </span>
     <span class='ocr_line' id='line_1_18' title="bbox 310 1247 1806 1310; baseline -0.005 -14"><span class='ocrx_word' id='word_1_149' title='bbox 310 1254 391 1296; x_wconf 88' lang='lat' dir='ltr'><strong>His</strong></span> <span class='ocrx_word' id='word_1_150' title='bbox 422 1252 591 1306; x_wconf 86' lang='lat' dir='ltr'><strong>auditis,</strong></span> <span class='ocrx_word' id='word_1_151' title='bbox 623 1259 781 1310; x_wconf 87' lang='lat' dir='ltr'><strong>quanta</strong></span> <span class='ocrx_word' id='word_1_152' title='bbox 810 1251 964 1294; x_wconf 88' lang='lat' dir='ltr'><strong>caeteri</strong></span> <span class='ocrx_word' id='word_1_153' title='bbox 995 1251 1079 1292; x_wconf 89' lang='lat' dir='ltr'><strong>sint</strong></span> <span class='ocrx_word' id='word_1_154' title='bbox 1100 1249 1346 1291; x_wconf 91' lang='lat' dir='ltr'><strong>confusione</strong></span> <span class='ocrx_word' id='word_1_155' title='bbox 1366 1247 1530 1305; x_wconf 89' lang='lat' dir='ltr'><strong>repleti,</strong></span> <span class='ocrx_word' id='word_1_156' title='bbox 1559 1254 1806 1305; x_wconf 85' lang='lat' dir='ltr'><strong>quantoque</strong></span> 
     </span>
     <span class='ocr_line' id='line_1_19' title="bbox 310 1302 1806 1365; baseline -0.004 -14"><span class='ocrx_word' id='word_1_157' title='bbox 310 1310 380 1351; x_wconf 90' lang='lat' dir='ltr'><strong>hic</strong></span> <span class='ocrx_word' id='word_1_158' title='bbox 411 1310 465 1352; x_wconf 88' lang='lat' dir='ltr'><strong>sit</strong></span> <span class='ocrx_word' id='word_1_159' title='bbox 491 1308 650 1364; x_wconf 89' lang='lat' dir='ltr'><strong>gaudio</strong></span> <span class='ocrx_word' id='word_1_160' title='bbox 685 1307 849 1365; x_wconf 88' lang='lat' dir='ltr'><strong>plenus,</strong></span> <span class='ocrx_word' id='word_1_161' title='bbox 888 1322 1036 1349; x_wconf 89' lang='lat' dir='ltr'><strong>eorum</strong></span> <span class='ocrx_word' id='word_1_162' title='bbox 1076 1307 1256 1363; x_wconf 88' lang='lat' dir='ltr'><strong>quisque</strong></span> <span class='ocrx_word' id='word_1_163' title='bbox 1285 1305 1331 1346; x_wconf 92' lang='lat' dir='ltr'><strong>in</strong></span> <span class='ocrx_word' id='word_1_164' title='bbox 1360 1318 1406 1346; x_wconf 90' lang='lat' dir='ltr'><strong>se</strong></span> <span class='ocrx_word' id='word_1_165' title='bbox 1442 1317 1647 1361; x_wconf 79' lang='lat' dir='ltr'><strong>personas</strong></span> <span class='ocrx_word' id='word_1_166' title='bbox 1676 1302 1806 1346; x_wconf 84' lang='lat' dir='ltr'><strong>susci-</strong></span> 
     </span>
     <span class='ocr_line' id='line_1_20' title="bbox 309 1363 1009 1422; baseline -0.004 -15"><span class='ocrx_word' id='word_1_167' title='bbox 309 1366 445 1422; x_wconf 89' lang='lat' dir='ltr'><strong>piens,</strong></span> <span class='ocrx_word' id='word_1_168' title='bbox 475 1364 814 1406; x_wconf 81' lang='lat' dir='ltr'><strong>animadvertere</strong></span> <span class='ocrx_word' id='word_1_169' title='bbox 842 1363 1009 1419; x_wconf 84' lang='lat' dir='ltr'><strong>poterit.</strong></span> 
     </span>
     <span class='ocr_line' id='line_1_21' title="bbox 425 1416 1807 1471; baseline -0.004 -10"><span class='ocrx_word' id='word_1_170' title='bbox 425 1421 489 1462; x_wconf 85' lang='lat'><strong>13.</strong></span> <span class='ocrx_word' id='word_1_171' title='bbox 533 1419 738 1461; x_wconf 90' lang='lat' dir='ltr'><strong>Arnulfus</strong></span> <span class='ocrx_word' id='word_1_172' title='bbox 767 1420 939 1471; x_wconf 86' lang='lat' dir='ltr'><strong>interea,</strong></span> <span class='ocrx_word' id='word_1_173' title='bbox 971 1432 1118 1460; x_wconf 87' lang='lat' dir='ltr'><strong>earum</strong></span> <span class='ocrx_word' id='word_1_174' title='bbox 1178 1430 1258 1458; x_wconf 89' lang='lat' dir='ltr'><strong>uae</strong></span> <span class='ocrx_word' id='word_1_175' title='bbox 1289 1416 1368 1458; x_wconf 90' lang='lat' dir='ltr'><strong>sub</strong></span> <span class='ocrx_word' id='word_1_176' title='bbox 1397 1421 1568 1457; x_wconf 88' lang='lat' dir='ltr'><strong>arcturo</strong></span> <span class='ocrx_word' id='word_1_177' title='bbox 1588 1421 1688 1457; x_wconf 85' lang='lat' dir='ltr'><strong>sunt</strong></span> <span class='ocrx_word' id='word_1_178' title='bbox 1705 1428 1807 1471; x_wconf 86' lang='lat' dir='ltr'><strong>gen-</strong></span> 
     </span>
     <span class='ocr_line' id='line_1_22' title="bbox 228 1469 1806 1535; baseline -0.003 -18"><span class='ocrx_word' id='word_1_179' title='bbox 228 1469 296 1535; x_wconf 72' lang='lat'>3(9⁵2·)</span> <span class='ocrx_word' id='word_1_180' title='bbox 311 1476 416 1518; x_wconf 86' lang='lat' dir='ltr'><strong>tium</strong></span> <span class='ocrx_word' id='word_1_181' title='bbox 436 1490 515 1517; x_wconf 83' lang='lat' dir='ltr'><strong>rex</strong></span> <span class='ocrx_word' id='word_1_182' title='bbox 534 1475 801 1528; x_wconf 86' lang='lat' dir='ltr'><strong>fortissimus,</strong></span> <span class='ocrx_word' id='word_1_183' title='bbox 823 1489 921 1516; x_wconf 87' lang='lat' dir='ltr'><strong>cum</strong></span> <span class='ocrx_word' id='word_1_184' title='bbox 937 1472 1143 1515; x_wconf 87' lang='lat' dir='ltr'><strong>Centebal</strong></span> <span class='ocrx_word' id='word_1_185' title='bbox 1174 1487 1247 1514; x_wconf 90' lang='lat' dir='ltr'><strong>um</strong></span> <span class='ocrx_word' id='word_1_186' title='bbox 1263 1472 1592 1513; x_wconf 80' lang='lat' dir='ltr'><strong>Maravanorum</strong></span> <span class='ocrx_word' id='word_1_187' title='bbox 1608 1470 1764 1513; x_wconf 88' lang='lat' dir='ltr'><strong>ducem</strong></span> <span class='ocrx_word' id='word_1_188' title='bbox 1774 1477 1806 1525; x_wconf 85' lang='lat'><strong>¹,</strong></span> 
     </span>
    </p>

    <p class='ocr_par' dir='ltr' id='par_1_3' title="bbox 290 1524 1808 1699">
     <span class='ocr_line' id='line_1_23' title="bbox 290 1524 1808 1588; baseline -0.003 -16"><span class='ocrx_word' id='word_1_189' title='bbox 290 1527 296 1534; x_wconf 79' lang='grc'><strong><em>’</em></strong></span> <span class='ocrx_word' id='word_1_190' title='bbox 313 1546 440 1588; x_wconf 89' lang='lat' dir='ltr'><strong>quem</strong></span> <span class='ocrx_word' id='word_1_191' title='bbox 461 1545 590 1587; x_wconf 89' lang='lat' dir='ltr'><strong>supra</strong></span> <span class='ocrx_word' id='word_1_192' title='bbox 609 1531 954 1583; x_wconf 82' lang='lat' dir='ltr'><strong>memoravimus,</strong></span> <span class='ocrx_word' id='word_1_193' title='bbox 975 1529 1057 1571; x_wconf 86' lang='lat' dir='ltr'><strong>sibi</strong></span> <span class='ocrx_word' id='word_1_194' title='bbox 1076 1528 1252 1570; x_wconf 90' lang='lat' dir='ltr'><strong>viriliter</strong></span> <span class='ocrx_word' id='word_1_195' title='bbox 1266 1533 1577 1584; x_wconf 82' lang='lat' dir='ltr'><strong>repugnantem</strong></span> <span class='ocrx_word' id='word_1_196' title='bbox 1593 1524 1808 1569; x_wconf 80' lang='lat' dir='ltr'><strong>debellare</strong></span> 
     </span>
     <span class='ocr_line' id='line_1_24' title="bbox 310 1580 1808 1643; baseline -0.004 -14"><span class='ocrx_word' id='word_1_197' title='bbox 310 1587 519 1643; x_wconf 87' lang='lat' dir='ltr'><strong>nequiret,</strong></span> <span class='ocrx_word' id='word_1_198' title='bbox 540 1586 727 1642; x_wconf 86' lang='lat' dir='ltr'><strong>depulsis</strong></span> <span class='ocrx_word' id='word_1_199' title='bbox 747 1586 826 1641; x_wconf 89' lang='lat' dir='ltr'><strong>his,</strong></span> <span class='ocrx_word' id='word_1_200' title='bbox 847 1600 924 1642; x_wconf 92' lang='lat' dir='ltr'><strong>pro</strong></span> <span class='ocrx_word' id='word_1_201' title='bbox 941 1585 1073 1638; x_wconf 89' lang='lat' dir='ltr'><strong>dolor,</strong></span> <span class='ocrx_word' id='word_1_202' title='bbox 1095 1584 1387 1625; x_wconf 85' lang='lat' dir='ltr'><strong>munitissimis</strong></span> <span class='ocrx_word' id='word_1_203' title='bbox 1400 1580 1808 1639; x_wconf 79' lang='lat' dir='ltr'><strong>interpositionibus,</strong></span> 
     </span>
     <span class='ocr_line' id='line_1_25' title="bbox 313 1637 1808 1699; baseline -0.003 -15"><span class='ocrx_word' id='word_1_204' title='bbox 313 1656 419 1699; x_wconf 92' lang='lat' dir='ltr'><strong>quas</strong></span> <span class='ocrx_word' id='word_1_205' title='bbox 462 1641 594 1698; x_wconf 85' lang='lat' dir='ltr'><strong>vulgo</strong></span> <span class='ocrx_word' id='word_1_206' title='bbox 645 1642 783 1684; x_wconf 86' lang='lat' dir='ltr'><strong>clusas</strong></span> <span class='ocrx_word' id='word_1_207' title='bbox 830 1642 1041 1683; x_wconf 87' lang='lat' dir='ltr'><strong>nominari</strong></span> <span class='ocrx_word' id='word_1_208' title='bbox 1088 1639 1405 1696; x_wconf 78' lang='lat' dir='ltr'><strong>predixin1us³‚</strong></span> <span class='ocrx_word' id='word_1_209' title='bbox 1454 1637 1808 1695; x_wconf 68' lang='lat' dir='ltr'><strong>Hungariorumb</strong></span> 
     </span>
    </p>

    <p class='ocr_par' dir='ltr' id='par_1_4' title="bbox 173 1694 1838 2587">
     <span class='ocr_line' id='line_1_26' title="bbox 343 1694 1808 1763; baseline -0.003 -23"><span class='ocrx_word' id='word_1_210' title='bbox 343 1703 484 1740; x_wconf 89' lang='lat' dir='ltr'><strong>entem</strong></span> <span class='ocrx_word' id='word_1_211' title='bbox 515 1697 729 1763; x_wconf 83' lang='lat' dir='ltr'><strong>cupidam,</strong></span> <span class='ocrx_word' id='word_1_212' title='bbox 768 1697 988 1750; x_wconf 86' lang='lat' dir='ltr'><strong>audacem,</strong></span> <span class='ocrx_word' id='word_1_213' title='bbox 1034 1695 1333 1752; x_wconf 87' lang='lat' dir='ltr'><strong>omnipotentis</strong></span> <span class='ocrx_word' id='word_1_214' title='bbox 1363 1694 1432 1737; x_wconf 88' lang='lat' dir='ltr'><strong>dei</strong></span> <span class='ocrx_word' id='word_1_215' title='bbox 1461 1695 1678 1750; x_wconf 84' lang='lat' dir='ltr'><strong>ignaram,</strong></span> <span class='ocrx_word' id='word_1_216' title='bbox 1717 1707 1808 1736; x_wconf 82' lang='lat' dir='ltr'><strong>sce-</strong></span> 
     </span>
     <span class='ocr_line' id='line_1_27' title="bbox 311 1713 1808 1806; baseline -0.003 -10"><span class='ocrx_word' id='word_1_217' title='bbox 311 1713 446 1796; x_wconf 53' lang='lat' dir='ltr'><strong>ferum</strong></span> <span class='ocrx_word' id='word_1_218' title='bbox 477 1767 667 1795; x_wconf 90' lang='lat' dir='ltr'><strong>ommum</strong></span> <span class='ocrx_word' id='word_1_219' title='bbox 695 1768 782 1795; x_wconf 89' lang='lat' dir='ltr'><strong>non</strong></span> <span class='ocrx_word' id='word_1_220' title='bbox 810 1753 1002 1806; x_wconf 83' lang='lat' dir='ltr'><strong>insciam,</strong></span> <span class='ocrx_word' id='word_1_221' title='bbox 1032 1751 1176 1793; x_wconf 89' lang='lat' dir='ltr'><strong>caedis</strong></span> <span class='ocrx_word' id='word_1_222' title='bbox 1206 1758 1248 1793; x_wconf 90' lang='lat' dir='ltr'><strong>et</strong></span> <span class='ocrx_word' id='word_1_223' title='bbox 1275 1751 1519 1806; x_wconf 87' lang='lat' dir='ltr'><strong>rapinarum</strong></span> <span class='ocrx_word' id='word_1_224' title='bbox 1541 1747 1808 1792; x_wconf 87' lang='lat' dir='ltr'><strong>solummodo</strong></span> 
     </span>
     <span class='ocr_line' id='line_1_28' title="bbox 312 1805 1805 1863; baseline -0.003 -12"><span class='ocrx_word' id='word_1_225' title='bbox 312 1809 495 1863; x_wconf 83' lang='lat' dir='ltr'><strong>avidam,</strong></span> <span class='ocrx_word' id='word_1_226' title='bbox 527 1810 572 1851; x_wconf 91' lang='lat' dir='ltr'><strong>in</strong></span> <span class='ocrx_word' id='word_1_227' title='bbox 600 1808 807 1850; x_wconf 89' lang='lat' dir='ltr'><strong>auxilium</strong></span> <span class='ocrx_word' id='word_1_228' title='bbox 839 1814 1064 1861; x_wconf 82' lang='lat' dir='ltr'><strong>convocat3</strong></span> <span class='ocrx_word' id='word_1_229' title='bbox 1095 1808 1130 1848; x_wconf 91' lang='lat' dir='ltr'><strong>si</strong></span> <span class='ocrx_word' id='word_1_230' title='bbox 1150 1814 1292 1849; x_wconf 87' lang='lat' dir='ltr'><strong>tamen</strong></span> <span class='ocrx_word' id='word_1_231' title='bbox 1312 1806 1520 1847; x_wconf 79' lang='lat' dir='ltr'><strong>auxilium</strong></span> <span class='ocrx_word' id='word_1_232' title='bbox 1541 1805 1627 1848; x_wconf 88' lang='lat' dir='ltr'><strong>dici</strong></span> <span class='ocrx_word' id='word_1_233' title='bbox 1651 1811 1805 1862; x_wconf 79' lang='lat' dir='ltr'><strong>potest,</strong></span> 
     </span>
     <span class='ocr_line' id='line_1_29' title="bbox 313 1861 1808 1922; baseline -0.001 -16"><span class='ocrx_word' id='word_1_234' title='bbox 313 1865 430 1922; x_wconf 90' lang='lat' dir='ltr'><strong>quod</strong></span> <span class='ocrx_word' id='word_1_235' title='bbox 458 1864 586 1921; x_wconf 90' lang='lat' dir='ltr'><strong>paulo</strong></span> <span class='ocrx_word' id='word_1_236' title='bbox 616 1872 726 1920; x_wconf 84' lang='lat' dir='ltr'><strong>post,</strong></span> <span class='ocrx_word' id='word_1_237' title='bbox 757 1879 807 1907; x_wconf 92' lang='lat' dir='ltr'><strong>eo</strong></span> <span class='ocrx_word' id='word_1_238' title='bbox 838 1865 1054 1917; x_wconf 88' lang='lat' dir='ltr'><strong>moriente,</strong></span> <span class='ocrx_word' id='word_1_239' title='bbox 1085 1876 1183 1904; x_wconf 89' lang='lat' dir='ltr'><strong>cum</strong></span> <span class='ocrx_word' id='word_1_240' title='bbox 1211 1863 1328 1919; x_wconf 87' lang='lat' dir='ltr'><strong>genti</strong></span> <span class='ocrx_word' id='word_1_241' title='bbox 1358 1876 1474 1915; x_wconf 89' lang='lat' dir='ltr'><strong>suae,</strong></span> <span class='ocrx_word' id='word_1_242' title='bbox 1507 1868 1599 1903; x_wconf 90' lang='lat' dir='ltr'><strong>tum</strong></span> <span class='ocrx_word' id='word_1_243' title='bbox 1629 1861 1808 1904; x_wconf 71' lang='lat' dir='ltr'><strong>caeteris</strong></span> 
     </span>
     <span class='ocr_line' id='line_1_30' title="bbox 313 1915 1808 1985; baseline -0.002 -23"><span class='ocrx_word' id='word_1_244' title='bbox 313 1921 359 1962; x_wconf 90' lang='lat' dir='ltr'><strong>in</strong></span> <span class='ocrx_word' id='word_1_245' title='bbox 387 1920 564 1962; x_wconf 83' lang='lat' dir='ltr'><strong>meridie</strong></span> <span class='ocrx_word' id='word_1_246' title='bbox 585 1934 822 1985; x_wconf 80' lang='lat' dir='ltr'><strong>occasuque</strong></span> <span class='ocrx_word' id='word_1_247' title='bbox 842 1918 1097 1975; x_wconf 86' lang='lat' dir='ltr'><strong>degentibus</strong></span> <span class='ocrx_word' id='word_1_248' title='bbox 1116 1918 1373 1970; x_wconf 76' lang='lat' dir='ltr'><strong>nationibus,</strong></span> <span class='ocrx_word' id='word_1_249' title='bbox 1453 1932 1532 1960; x_wconf 86' lang='lat' dir='ltr'><strong>ave</strong></span> <span class='ocrx_word' id='word_1_250' title='bbox 1555 1915 1808 1973; x_wconf 87' lang='lat' dir='ltr'><strong>periculum,</strong></span> 
     </span>
     <span class='ocr_line' id='line_1_31' title="bbox 313 1972 1809 2038; baseline -0.001 -21"><span class='ocrx_word' id='word_1_251' title='bbox 313 1977 443 2017; x_wconf 89' lang='lat' dir='ltr'><strong>immo</strong></span> <span class='ocrx_word' id='word_1_252' title='bbox 487 1977 667 2018; x_wconf 85' lang='lat' dir='ltr'><strong>exitium</strong></span> <span class='ocrx_word' id='word_1_253' title='bbox 710 1977 802 2018; x_wconf 84' lang='lat' dir='ltr'><strong>fult.</strong></span> <span class='ocrx_word' id='word_1_254' title='bbox 876 1974 991 2028; x_wconf 75' lang='lat' dir='ltr'><strong>Quid</strong></span> <span class='ocrx_word' id='word_1_255' title='bbox 1038 1973 1205 2030; x_wconf 78' lang='lat' dir='ltr'><strong>igitur?</strong></span> <span class='ocrx_word' id='word_1_256' title='bbox 1276 1972 1411 2016; x_wconf 84' lang='lat' dir='ltr'><strong>Cente</strong></span> <span class='ocrx_word' id='word_1_257' title='bbox 1441 1972 1564 2015; x_wconf 84' lang='lat' dir='ltr'><strong>aldus</strong></span> <span class='ocrx_word' id='word_1_258' title='bbox 1610 1972 1809 2038; x_wconf 81' lang='lat' dir='ltr'><strong>vincitur,</strong></span> 
     </span>
     <span class='ocr_line' id='line_1_32' title="bbox 315 2026 1810 2087; baseline -0.002 -14"><span class='ocrx_word' id='word_1_259' title='bbox 315 2032 581 2087; x_wconf 87' lang='lat' dir='ltr'><strong>subiugatur,</strong></span> <span class='ocrx_word' id='word_1_260' title='bbox 611 2032 658 2073; x_wconf 93' lang='lat' dir='ltr'><strong>fit</strong></span> <span class='ocrx_word' id='word_1_261' title='bbox 686 2032 956 2084; x_wconf 84' lang='lat' dir='ltr'><strong>tributarius3</strong></span> <span class='ocrx_word' id='word_1_262' title='bbox 987 2030 1063 2072; x_wconf 87' lang='lat' dir='ltr'><strong>sed</strong></span> <span class='ocrx_word' id='word_1_263' title='bbox 1092 2044 1178 2071; x_wconf 89' lang='lat' dir='ltr'><strong>non</strong></span> <span class='ocrx_word' id='word_1_264' title='bbox 1198 2028 1325 2071; x_wconf 88' lang='lat' dir='ltr'><strong>solus.</strong></span> <span class='ocrx_word' id='word_1_265' title='bbox 1375 2028 1413 2071; x_wconf 94' lang='lat' dir='ltr'>O</span> <span class='ocrx_word' id='word_1_266' title='bbox 1434 2043 1579 2072; x_wconf 90' lang='lat' dir='ltr'><strong>cecam</strong></span> <span class='ocrx_word' id='word_1_267' title='bbox 1599 2026 1810 2085; x_wconf 68' lang='lat' dir='ltr'><strong>regnandi</strong></span> 
     </span>
     <span class='ocr_line' id='line_1_33' title="bbox 314 2083 1807 2143; baseline -0.003 -14"><span class='ocrx_word' id='word_1_268' title='bbox 314 2087 481 2129; x_wconf 86' lang='lat' dir='ltr'><strong>Amulfi</strong></span> <span class='ocrx_word' id='word_1_269' title='bbox 523 2088 637 2143; x_wconf 87' lang='lat' dir='ltr'><strong>regis</strong></span> <span class='ocrx_word' id='word_1_270' title='bbox 679 2101 734 2129; x_wconf 90' lang='lat' dir='ltr'><strong>cu</strong></span> <span class='ocrx_word' id='word_1_271' title='bbox 766 2087 978 2129; x_wconf 86' lang='lat' dir='ltr'><strong>iditatem!</strong></span> <span class='ocrx_word' id='word_1_272' title='bbox 1027 2101 1052 2127; x_wconf 94' lang='lat' dir='ltr'>o</span> <span class='ocrx_word' id='word_1_273' title='bbox 1096 2084 1306 2127; x_wconf 87' lang='lat' dir='ltr'><strong>infelicem</strong></span> <span class='ocrx_word' id='word_1_274' title='bbox 1349 2099 1629 2142; x_wconf 84' lang='lat' dir='ltr'><strong>amarumque</strong></span> <span class='ocrx_word' id='word_1_275' title='bbox 1671 2083 1807 2126; x_wconf 76' lang='lat' dir='ltr'><strong>diem!</strong></span> 
     </span>
     <span class='ocr_line' id='line_1_34' title="bbox 315 2139 1810 2197; baseline -0.002 -12"><span class='ocrx_word' id='word_1_276' title='bbox 315 2143 454 2185; x_wconf 88' lang='lat' dir='ltr'><strong>Unius</strong></span> <span class='ocrx_word' id='word_1_277' title='bbox 493 2142 701 2185; x_wconf 87' lang='lat' dir='ltr'><strong>homuntii</strong></span> <span class='ocrx_word' id='word_1_278' title='bbox 770 2143 919 2185; x_wconf 88' lang='lat' dir='ltr'><strong>eiectio</strong></span> <span class='ocrx_word' id='word_1_279' title='bbox 949 2141 998 2183; x_wconf 91' lang='lat' dir='ltr'><strong>fit</strong></span> <span class='ocrx_word' id='word_1_280' title='bbox 1025 2142 1154 2183; x_wconf 87' lang='lat' dir='ltr'><strong>totius</strong></span> <span class='ocrx_word' id='word_1_281' title='bbox 1184 2141 1384 2197; x_wconf 88' lang='lat' dir='ltr'><strong>Europae</strong></span> <span class='ocrx_word' id='word_1_282' title='bbox 1418 2141 1633 2183; x_wconf 74' lang='lat' dir='ltr'><strong>contricio,</strong></span> <span class='ocrx_word' id='word_1_283' title='bbox 1691 2139 1810 2193; x_wconf 80' lang='lat' dir='ltr'><strong>Quot</strong></span> 
     </span>
     <span class='ocr_line' id='line_1_35' title="bbox 315 2195 1838 2254; baseline 0.001 -15"><span class='ocrx_word' id='word_1_284' title='bbox 315 2197 561 2240; x_wconf 87' lang='lat' dir='ltr'><strong>mulieribus</strong></span> <span class='ocrx_word' id='word_1_285' title='bbox 590 2198 853 2252; x_wconf 86' lang='lat' dir='ltr'><strong>viduitatem,</strong></span> <span class='ocrx_word' id='word_1_286' title='bbox 882 2196 1075 2254; x_wconf 88' lang='lat' dir='ltr'><strong>patribus</strong></span> <span class='ocrx_word' id='word_1_287' title='bbox 1105 2196 1342 2250; x_wconf 87' lang='lat' dir='ltr'><strong>orbitatem,</strong></span> <span class='ocrx_word' id='word_1_288' title='bbox 1372 2195 1612 2253; x_wconf 86' lang='lat' dir='ltr'><strong>virginibus</strong></span> <span class='ocrx_word' id='word_1_289' title='bbox 1636 2209 1761 2238; x_wconf 72' lang='lat' dir='ltr'><strong>con-u</strong></span> <span class='ocrx_word' id='word_1_290' title='bbox 1837 2225 1838 2240; x_wconf 62' lang='lat'><em>2</em></span> 
     </span>
     <span class='ocr_line' id='line_1_36' title="bbox 315 2251 1838 2318; baseline 0.001 -23"><span class='ocrx_word' id='word_1_291' title='bbox 315 2255 486 2307; x_wconf 89' lang='lat' dir='ltr'><strong>tionem,</strong></span> <span class='ocrx_word' id='word_1_292' title='bbox 516 2253 808 2297; x_wconf 89' lang='lat' dir='ltr'><strong>sacerdotibus</strong></span> <span class='ocrx_word' id='word_1_293' title='bbox 836 2252 1091 2318; x_wconf 84' lang='lat' dir='ltr'><strong>populisque</strong></span> <span class='ocrx_word' id='word_1_294' title='bbox 1121 2252 1187 2294; x_wconf 90' lang='lat' dir='ltr'><strong>dei</strong></span> <span class='ocrx_word' id='word_1_295' title='bbox 1216 2266 1266 2293; x_wconf 87' lang='lat' dir='ltr'><strong>ca</strong></span> <span class='ocrx_word' id='word_1_296' title='bbox 1298 2252 1519 2306; x_wconf 82' lang='lat' dir='ltr'><strong>tivitatem‚</strong></span> <span class='ocrx_word' id='word_1_297' title='bbox 1548 2251 1712 2294; x_wconf 82' lang='lat' dir='ltr'><strong>eclesiis</strong></span> <span class='ocrx_word' id='word_1_298' title='bbox 1767 2265 1810 2294; x_wconf 78' lang='lat' dir='ltr'><strong>e-</strong></span> <span class='ocrx_word' id='word_1_299' title='bbox 1837 2277 1838 2297; x_wconf 77' lang='lat'>1</span> 
     </span>
     <span class='ocr_line' id='line_1_37' title="bbox 318 2306 1838 2362; baseline -0.002 -11"><span class='ocrx_word' id='word_1_300' title='bbox 318 2308 579 2362; x_wconf 87' lang='lat' dir='ltr'><strong>solationem,</strong></span> <span class='ocrx_word' id='word_1_301' title='bbox 610 2311 733 2351; x_wconf 87' lang='lat' dir='ltr'><strong>terris</strong></span> <span class='ocrx_word' id='word_1_302' title='bbox 761 2309 1095 2351; x_wconf 79' lang='lat' dir='ltr'><strong>inhabltantibus</strong></span> <span class='ocrx_word' id='word_1_303' title='bbox 1135 2307 1262 2349; x_wconf 90' lang='lat' dir='ltr'><strong>solitu</strong></span> <span class='ocrx_word' id='word_1_304' title='bbox 1294 2308 1407 2350; x_wconf 90' lang='lat' dir='ltr'><strong>inem</strong></span> <span class='ocrx_word' id='word_1_305' title='bbox 1419 2315 1450 2362; x_wconf 74' lang='lat'><strong>⁶,</strong></span> <span class='ocrx_word' id='word_1_306' title='bbox 1490 2321 1594 2350; x_wconf 86' lang='lat' dir='ltr'><strong>ceca</strong></span> <span class='ocrx_word' id='word_1_307' title='bbox 1630 2306 1838 2359; x_wconf 49' lang='lat' dir='ltr'><strong>ambitio„</strong></span> 
     </span>
     <span class='ocr_line' id='line_1_38' title="bbox 317 2361 1808 2421; baseline -0.001 -15"><span class='ocrx_word' id='word_1_308' title='bbox 317 2365 465 2420; x_wconf 87' lang='lat' dir='ltr'><strong>paras!</strong></span> <span class='ocrx_word' id='word_1_309' title='bbox 533 2364 748 2420; x_wconf 86' lang='lat' dir='ltr'><strong>Legistin&#39;,</strong></span> <span class='ocrx_word' id='word_1_310' title='bbox 794 2365 984 2418; x_wconf 88' lang='lat' dir='ltr'><strong>obsecro,</strong></span> <span class='ocrx_word' id='word_1_311' title='bbox 1026 2365 1162 2421; x_wconf 88' lang='lat' dir='ltr'><strong>ipsius</strong></span> <span class='ocrx_word' id='word_1_312' title='bbox 1205 2364 1394 2406; x_wconf 82' lang='lat' dir='ltr'><strong>veritatis</strong></span> <span class='ocrx_word' id='word_1_313' title='bbox 1435 2363 1570 2406; x_wconf 88' lang='lat' dir='ltr'><strong>verba</strong></span> <span class='ocrx_word' id='word_1_314' title='bbox 1606 2361 1808 2405; x_wconf 71' lang='lat' dir='ltr'><strong>dicentis:</strong></span> 
     </span>
     <span class='ocr_line' id='line_1_39' title="bbox 196 2418 1838 2477; baseline -0.005 -11"><span class='ocrx_word' id='word_1_315' title='bbox 196 2439 304 2467; x_wconf 69' lang='lat' dir='ltr'><strong>natm.</strong></span> <span class='ocrx_word' id='word_1_316' title='bbox 320 2419 449 2472; x_wconf 83' lang='lat' dir='ltr'><strong>‘Quid</strong></span> <span class='ocrx_word' id='word_1_317' title='bbox 478 2420 653 2477; x_wconf 89' lang='lat' dir='ltr'><strong>prodest</strong></span> <span class='ocrx_word' id='word_1_318' title='bbox 673 2420 846 2474; x_wconf 87' lang='lat' dir='ltr'><strong>homini,</strong></span> <span class='ocrx_word' id='word_1_319' title='bbox 877 2421 912 2461; x_wconf 90' lang='lat' dir='ltr'><strong>si</strong></span> <span class='ocrx_word' id='word_1_320' title='bbox 932 2426 1067 2462; x_wconf 85' lang='lat' dir='ltr'><strong>totum</strong></span> <span class='ocrx_word' id='word_1_321' title='bbox 1088 2419 1296 2460; x_wconf 90' lang='lat' dir='ltr'><strong>mundum</strong></span> <span class='ocrx_word' id='word_1_322' title='bbox 1316 2418 1517 2474; x_wconf 87' lang='lat' dir='ltr'><strong>lucretur,</strong></span> <span class='ocrx_word' id='word_1_323' title='bbox 1545 2419 1687 2461; x_wconf 80' lang='lat' dir='ltr'><strong>anime</strong></span> <span class='ocrx_word' id='word_1_324' title='bbox 1706 2421 1827 2461; x_wconf 57' lang='lat' dir='ltr'><strong>vero?</strong></span> <span class='ocrx_word' id='word_1_325' title='bbox 1836 2421 1838 2477; x_wconf 55' lang='lat' dir='ltr'>Q</span> 
     </span>
     <span class='ocr_line' id='line_1_40' title="bbox 195 2474 1838 2531; baseline -0.001 -15"><span class='ocrx_word' id='word_1_326' title='bbox 195 2479 243 2512; x_wconf 70' lang='lat'><strong>1⁶»</strong></span> <span class='ocrx_word' id='word_1_327' title='bbox 258 2479 305 2506; x_wconf 75' lang='lat'><strong>26·</strong></span> <span class='ocrx_word' id='word_1_328' title='bbox 320 2489 422 2517; x_wconf 87' lang='lat' dir='ltr'><strong>suae</strong></span> <span class='ocrx_word' id='word_1_329' title='bbox 452 2475 782 2518; x_wconf 71' lang='lat' dir='ltr'><strong>detrimentumd</strong></span> <span class='ocrx_word' id='word_1_330' title='bbox 811 2476 1016 2531; x_wconf 82' lang='lat' dir='ltr'><strong>patiatur3</strong></span> <span class='ocrx_word' id='word_1_331' title='bbox 1056 2482 1130 2517; x_wconf 91' lang='lat' dir='ltr'><strong>aut</strong></span> <span class='ocrx_word' id='word_1_332' title='bbox 1160 2489 1287 2530; x_wconf 90' lang='lat' dir='ltr'><strong>quam</strong></span> <span class='ocrx_word' id='word_1_333' title='bbox 1317 2475 1437 2517; x_wconf 87' lang='lat' dir='ltr'><strong>dabit</strong></span> <span class='ocrx_word' id='word_1_334' title='bbox 1462 2474 1590 2517; x_wconf 88' lang='lat' dir='ltr'><strong>homo</strong></span> <span class='ocrx_word' id='word_1_335' title='bbox 1620 2486 1814 2517; x_wconf 77' lang='lat' dir='ltr'><strong>commu·</strong></span> <span class='ocrx_word' id='word_1_336' title='bbox 1837 2479 1838 2492; x_wconf 68' lang='lat'>¹</span> 
     </span>
     <span class='ocr_line' id='line_1_41' title="bbox 173 2528 1815 2587; baseline -0.002 -13"><span class='ocrx_word' id='word_1_337' title='bbox 173 2546 222 2581; x_wconf 65' lang='grc' dir='ltr'><strong>’μ</strong></span> <span class='ocrx_word' id='word_1_338' title='bbox 237 2547 304 2574; x_wconf 81' lang='lat'>280.</span> <span class='ocrx_word' id='word_1_339' title='bbox 319 2531 521 2573; x_wconf 81' lang='lat' dir='ltr'><strong>tationem</strong></span> <span class='ocrx_word' id='word_1_340' title='bbox 550 2546 628 2587; x_wconf 92' lang='lat' dir='ltr'><strong>pro</strong></span> <span class='ocrx_word' id='word_1_341' title='bbox 648 2532 790 2573; x_wconf 88' lang='lat' dir='ltr'><strong>anima</strong></span> <span class='ocrx_word' id='word_1_342' title='bbox 809 2532 896 2573; x_wconf 87' lang='lat' dir='ltr'><strong>sua&#39;</strong></span> <span class='ocrx_word' id='word_1_343' title='bbox 908 2530 930 2572; x_wconf 72' lang='lat'><strong>‘1²</strong></span> <span class='ocrx_word' id='word_1_344' title='bbox 977 2532 994 2550; x_wconf 84' lang='lat'>*</span> <span class='ocrx_word' id='word_1_345' title='bbox 1008 2530 1136 2583; x_wconf 80' lang='lat' dir='ltr'><strong>Quod</strong></span> <span class='ocrx_word' id='word_1_346' title='bbox 1157 2531 1193 2571; x_wconf 85' lang='lat' dir='ltr'><strong>si</strong></span> <span class='ocrx_word' id='word_1_347' title='bbox 1213 2537 1254 2572; x_wconf 87' lang='lat' dir='ltr'><strong>te</strong></span> <span class='ocrx_word' id='word_1_348' title='bbox 1273 2531 1364 2572; x_wconf 88' lang='lat' dir='ltr'><strong>veri</strong></span> <span class='ocrx_word' id='word_1_349' title='bbox 1383 2530 1536 2572; x_wconf 90' lang='lat' dir='ltr'><strong>iudicis</strong></span> <span class='ocrx_word' id='word_1_350' title='bbox 1555 2543 1642 2572; x_wconf 87' lang='lat' dir='ltr'><strong>non</strong></span> <span class='ocrx_word' id='word_1_351' title='bbox 1660 2528 1815 2572; x_wconf 75' lang='lat' dir='ltr'><strong>terruit</strong></span> 
     </span>
    </p>
   </div>
   <div class='ocr_carea' id='block_1_3' title="bbox 1830 2489 1838 2865">
    <p class='ocr_par' dir='ltr' id='par_1_5' title="bbox 1830 2489 1838 2865">
     <span class='ocr_line' id='line_1_42' title="bbox 1830 2489 1838 2865; baseline 0 0"><span class='ocrx_word' id='word_1_352' title='bbox 1830 2489 1838 2865; x_wconf 95' lang='lat' dir='ltr'><strong>    </strong></span> 
     </span>
    </p>
   </div>
   <div class='ocr_carea' id='block_1_4' title="bbox 322 2665 1830 2709">
    <p class='ocr_par' dir='ltr' id='par_1_6' title="bbox 322 2665 1830 2709">
     <span class='ocr_line' id='line_1_43' title="bbox 322 2665 1830 2709; baseline 0 -14"><span class='ocrx_word' id='word_1_353' title='bbox 322 2668 352 2702; x_wconf 79' lang='lat' dir='ltr'><strong>a)</strong></span> <span class='ocrx_word' id='word_1_354' title='bbox 374 2669 447 2695; x_wconf 73' lang='lat' dir='ltr'><strong>deese</strong></span> <span class='ocrx_word' id='word_1_355' title='bbox 470 2671 498 2695; x_wconf 87' lang='lat'><strong>1.</strong></span> <span class='ocrx_word' id='word_1_356' title='bbox 577 2667 609 2702; x_wconf 87' lang='lat' dir='ltr'><strong>b)</strong></span> <span class='ocrx_word' id='word_1_357' title='bbox 631 2669 868 2701; x_wconf 71' lang='lat' dir='ltr'><strong>huncgariorum</strong></span> <span class='ocrx_word' id='word_1_358' title='bbox 893 2671 918 2694; x_wconf 92' lang='lat'><strong>1.</strong></span> <span class='ocrx_word' id='word_1_359' title='bbox 1000 2667 1029 2702; x_wconf 89' lang='lat' dir='ltr'><strong>c)</strong></span> <span class='ocrx_word' id='word_1_360' title='bbox 1050 2668 1292 2694; x_wconf 78' lang='lat' dir='ltr'><strong>solitududinem</strong></span> <span class='ocrx_word' id='word_1_361' title='bbox 1315 2670 1342 2694; x_wconf 90' lang='lat'><strong>1.</strong></span> <span class='ocrx_word' id='word_1_362' title='bbox 1423 2668 1455 2702; x_wconf 88' lang='lat' dir='ltr'><strong>d)</strong></span> <span class='ocrx_word' id='word_1_363' title='bbox 1478 2668 1704 2696; x_wconf 78' lang='lat' dir='ltr'><strong>detrimendtun</strong></span> <span class='ocrx_word' id='word_1_364' title='bbox 1726 2670 1754 2695; x_wconf 84' lang='lat'><strong>1.</strong></span> <span class='ocrx_word' id='word_1_365' title='bbox 1814 2665 1830 2709; x_wconf 51' lang='grc' dir='ltr'><strong>ἦ]</strong></span> 
     </span>
    </p>
   </div>
   <div class='ocr_carea' id='block_1_5' title="bbox 321 2761 1830 2926">
    <p class='ocr_par' dir='ltr' id='par_1_7' title="bbox 321 2761 1830 2926">
     <span class='ocr_line' id='line_1_44' title="bbox 325 2761 1830 2830; baseline -0.001 -11"><span class='ocrx_word' id='word_1_366' title='bbox 325 2786 362 2830; x_wconf 89' lang='grc'><strong>1)</strong></span> <span class='ocrx_word' id='word_1_367' title='bbox 388 2787 540 2821; x_wconf 80' lang='lat' dir='ltr'><strong>Lucian.</strong></span> <span class='ocrx_word' id='word_1_368' title='bbox 569 2786 704 2828; x_wconf 85' lang='lat' dir='ltr'><strong>Gallus,</strong></span> <span class='ocrx_word' id='word_1_369' title='bbox 732 2797 763 2818; x_wconf 92' lang='lat' dir='ltr'><strong>c.</strong></span> <span class='ocrx_word' id='word_1_370' title='bbox 793 2787 825 2818; x_wconf 87' lang='lat'><strong>1.</strong></span> <span class='ocrx_word' id='word_1_371' title='bbox 909 2784 948 2829; x_wconf 81' lang='lat'><strong>2)</strong></span> <span class='ocrx_word' id='word_1_372' title='bbox 970 2786 1039 2827; x_wconf 82' lang='lat' dir='ltr'><strong>Qui</strong></span> <span class='ocrx_word' id='word_1_373' title='bbox 1065 2786 1155 2819; x_wconf 86' lang='lat' dir='ltr'><strong>alias</strong></span> <span class='ocrx_word' id='word_1_374' title='bbox 1182 2786 1422 2829; x_wconf 83' lang='lat' dir='ltr'><strong>Suatoplucus</strong></span> <span class='ocrx_word' id='word_1_375' title='bbox 1449 2786 1590 2827; x_wconf 81' lang='lat' dir='ltr'><strong>dicitur,</strong></span> <span class='ocrx_word' id='word_1_376' title='bbox 1615 2761 1830 2825; x_wconf 55' lang='lat' dir='ltr'><strong>Rufislaviss}</strong></span> 
     </span>
     <span class='ocr_line' id='line_1_45' title="bbox 321 2833 1827 2880; baseline -0.003 -11"><span class='ocrx_word' id='word_1_377' title='bbox 321 2846 434 2880; x_wconf 81' lang='lat' dir='ltr'><strong>nepos</strong></span> <span class='ocrx_word' id='word_1_378' title='bbox 455 2839 492 2869; x_wconf 82' lang='lat' dir='ltr'><strong>et</strong></span> <span class='ocrx_word' id='word_1_379' title='bbox 516 2845 711 2876; x_wconf 84' lang='lat' dir='ltr'><strong>successor,</strong></span> <span class='ocrx_word' id='word_1_380' title='bbox 737 2834 808 2868; x_wconf 84' lang='grc'><strong>870</strong></span> <span class='ocrx_word' id='word_1_381' title='bbox 823 2853 845 2857; x_wconf 90' lang='grc'>-</span> <span class='ocrx_word' id='word_1_382' title='bbox 860 2834 943 2866; x_wconf 84' lang='grc'><strong>894.</strong></span> <span class='ocrx_word' id='word_1_383' title='bbox 1024 2833 1063 2877; x_wconf 88' lang='grc'><strong>3)</strong></span> <span class='ocrx_word' id='word_1_384' title='bbox 1091 2834 1146 2868; x_wconf 86' lang='lat' dir='ltr'><strong>cf.</strong></span> <span class='ocrx_word' id='word_1_385' title='bbox 1166 2844 1196 2867; x_wconf 91' lang='lat' dir='ltr'><strong>c.</strong></span> <span class='ocrx_word' id='word_1_386' title='bbox 1215 2835 1249 2876; x_wconf 82' lang='lat'><strong>5,</strong></span> <span class='ocrx_word' id='word_1_387' title='bbox 1273 2835 1365 2867; x_wconf 85' lang='lat' dir='ltr'><strong>Anu.</strong></span> <span class='ocrx_word' id='word_1_388' title='bbox 1386 2834 1547 2878; x_wconf 84' lang='lat' dir='ltr'><strong>Sangall.</strong></span> <span class='ocrx_word' id='word_1_389' title='bbox 1573 2835 1698 2869; x_wconf 77' lang='lat' dir='ltr'><strong>maior.</strong></span> <span class='ocrx_word' id='word_1_390' title='bbox 1715 2833 1787 2866; x_wconf 80' lang='lat'><strong>892</strong></span> <span class='ocrx_word' id='word_1_391' title='bbox 1796 2843 1827 2875; x_wconf 61' lang='lat'><strong>3332</strong></span> 
     </span>
     <span class='ocr_line' id='line_1_46' title="bbox 322 2882 1527 2926; baseline -0.001 -9"><span class='ocrx_word' id='word_1_392' title='bbox 322 2882 532 2918; x_wconf 81' lang='lat' dir='ltr'><strong>widukind.</strong></span> <span class='ocrx_word' id='word_1_393' title='bbox 581 2884 652 2917; x_wconf 85' lang='lat' dir='ltr'><strong>Res</strong></span> <span class='ocrx_word' id='word_1_394' title='bbox 678 2887 768 2926; x_wconf 85' lang='lat' dir='ltr'><strong>gest.</strong></span> <span class='ocrx_word' id='word_1_395' title='bbox 796 2882 925 2916; x_wconf 78' lang='lat' dir='ltr'><strong>saxon.</strong></span> <span class='ocrx_word' id='word_1_396' title='bbox 953 2883 983 2924; x_wconf 92' lang='lat'><strong>1,</strong></span> <span class='ocrx_word' id='word_1_397' title='bbox 1011 2893 1041 2916; x_wconf 92' lang='lat' dir='ltr'><strong>c.</strong></span> <span class='ocrx_word' id='word_1_398' title='bbox 1067 2883 1130 2924; x_wconf 77' lang='lat'><strong>193</strong></span> <span class='ocrx_word' id='word_1_399' title='bbox 1156 2882 1285 2916; x_wconf 79' lang='lat' dir='ltr'><strong>Annal.</strong></span> <span class='ocrx_word' id='word_1_400' title='bbox 1310 2882 1415 2916; x_wconf 79' lang='lat' dir='ltr'><strong>Fuld.</strong></span> <span class='ocrx_word' id='word_1_401' title='bbox 1443 2882 1527 2917; x_wconf 81' lang='lat'><strong>892.</strong></span> 
     </span>
    </p>
   </div>
  </div>
 </body>
</html>
