1838 3210
561 231 836 268 PRAEFATIO
860 233 1106 269 EDITORIS.
1527 234 1600 268 vu

47 329 62 392 ᾗ
94 352 200 404 post
226 360 410 389 mensem
429 345 720 388 Februarium
749 346 864 387 anni
891 344 982 388 962·
1002 345 1052 387 in
1077 342 1227 396 Italia,
1257 343 1334 386 ubi
1353 351 1597 400 patronum

100 416 229 445 suum
256 401 565 456 comitabatur,
606 401 780 444 adiecit.
837 401 928 444 Nec
963 407 1106 443 tamen
1134 399 1294 443 librum
1322 407 1490 443 seaetum
1521 401 1594 444 ab·

51 486 53 489 -
99 458 250 512 solvit5
279 473 385 501 nam
413 473 511 500 cum
538 463 648 500 certe
677 472 700 500 ο
734 472 788 499 us
815 457 878 499 ad
901 463 1095 513 tempora
1114 455 1242 499 emilii
1259 456 1333 499 sui
1343 457 1594 512 producen—

42 507 57 568 ’ᾗ
101 514 205 557 dum
239 515 543 571 proposuisset
560 521 596 567 ¹,
634 519 674 556 et
724 514 812 556 ibri
850 514 962 555 sexti
1001 513 1153 568 capita
1192 513 1522 579 quinquaqinta
1557 520 1597 556 et

100 569 292 627 amplius
330 570 562 613 scribenda
601 571 744 626 spatio
779 569 971 612 rubricis
1000 574 1059 611 tot
1085 568 1331 611 inserendis
1359 584 1500 612 vacuo
1528 584 1594 612 re-

39 627 50 672 .³
98 625 199 669 licto
227 626 479 679 indicasset,
507 626 557 668 in
586 626 728 682 capite
766 640 883 668 nono
921 624 1121 667 substitit.
1183 623 1318 667 Cuius
1355 626 1421 667 rei
1455 640 1595 668 causa

9 704 32 719 π
100 682 317 739 inyruens
359 682 631 739 negotiorum
673 680 826 735 moles,
870 687 908 723 et
951 695 1089 723 novus
1131 695 1278 723 rerum
1323 681 1451 735 ordo,
1497 696 1594 724 cum

98 737 374 795 Berenqario
399 737 577 794 fracto,
617 738 717 780 odio
755 735 1032 793 satisfactum
1071 742 1178 779 esset
1217 743 1255 780 et
1292 737 1595 793 Antapodosis

99 794 223 837 haud
252 794 444 850 amplius
471 808 518 835 re
549 795 782 847 uireretur,
798 791 950 849 fuisse
978 792 1161 835 videtur.
1219 793 1340 835 Nam
1370 808 1490 836 anno
1511 793 1592 836 961

98 856 306 893 eoeeunte²
333 856 431 892 rota
461 851 478 869 *
519 856 701 892 ortunae
729 848 937 902 revoluta,
956 847 1070 903 fidei
1089 854 1128 890 et
1145 850 1420 892 servitiorum
1449 849 1741 892 Ottoni'P-260·

96 912 361 948 navatorum
372 907 623 962 praemium
642 905 753 958 tulit,
783 905 1015 948 cathedrae
1038 903 1314 947 Cremonensi
1325 911 1430 961 post
1449 905 1594 963 Dayi-

98 962 262 1005 bertum
283 964 568 1018 praepositus
577 976 594 1014 ,·
623 967 663 1004 et
689 962 894 1017 deinceps
945 961 1194 1003 ravissimis
1211 961 1391 1017 imperii
1410 963 1596 1019 negotiis

99 1017 311 1071 admotus,
342 1019 618 1074 praecipuas
653 1018 702 1060 in
741 1017 867 1060 rebus
933 1017 1078 1059 talicis
1115 1022 1154 1059 et
1191 1015 1375 1059 Graecis
1407 1018 1594 1075 aqendis

34 1107 38 1120 2
132 1079 247 1116 artes
277 1075 478 1130 suscepit.
533 1074 591 1115 E't
611 1073 812 1129 primum
842 1073 1015 1130 quidem
1053 1078 1212 1115 aestate
1242 1075 1357 1116 anni
1384 1073 1468 1116 964
1497 1089 1592 1117 cum

30 1132 33 1133 ⁷
91 1089 398 1173 {andoliardo
427 1129 658 1172 Mindensi
691 1132 893 1186 episcopo
927 1127 1096 1186 leqatus
1134 1129 1196 1171 ad
1223 1129 1463 1173 Iohannem
1491 1129 1594 1172 XII.

13 1187 28 1238 ς’
96 1200 267 1243 papam
294 1187 469 1240 missus,
498 1192 588 1228 tum
626 1185 737 1228 Urbe
763 1186 1020 1242 imperatori
1048 1185 1238 1240 reddita,
1276 1184 1462 1229 concilio
1492 1201 1592 1228 con-

24 1258 25 1264 *
98 1248 172 1284 tra
193 1241 445 1298 pontificem
482 1241 630 1284 habito
668 1241 837 1285 adstitit
848 1249 879 1294 ³,
918 1247 955 1283 et
992 1242 1232 1284 orationem
1269 1241 1438 1284 Ottonis
1467 1242 1595 1285 Italis

14 1327 15 1330 =
97 1299 410 1354 interpretatus
428 1304 492 1341 est
504 1304 534 1352 ⁴,
556 1303 602 1340 at
632 1313 685 1340 ue
704 1297 842 1341 Leoni
875 1297 987 1340 VIIL
1008 1297 1206 1354 eliyendo
1227 1303 1266 1339 et
1284 1298 1520 1341 Benedicto
1549 1298 1592 1340 V.

98 1353 352 1412 deponendo
390 1354 514 1398 haud
549 1355 610 1396 du
639 1355 678 1396 ie
706 1352 958 1410 interfuisse
991 1353 1233 1396 credendus
1261 1360 1334 1396 est.
1395 1352 1595 1403 Quarum

98 1425 245 1454 rerum
273 1410 504 1453 historiam
532 1410 635 1452 inde
665 1411 719 1452 ab
750 1425 869 1453 anno
889 1409 973 1452 960
1001 1425 1136 1467 usque
1166 1409 1228 1452 ad
1247 1410 1360 1452 diem
1379 1409 1447 1454 23.
1469 1410 1595 1452 Iunii

40 1489 42 1491 >
98 1467 213 1510 anni
240 1465 325 1508 964
351 1467 445 1533 ipse
467 1480 683 1523 praesens
709 1471 751 1509 et
782 1466 947 1509 medias
984 1467 1100 1508 inter
1138 1472 1236 1508 res⁸
1267 1481 1387 1509 anno
1415 1465 1500 1508 964
1529 1466 1595 1508 vel

30 1562 32 1565 .
95 1523 226 1566 initio
257 1537 370 1565 anm
397 1523 626 1589 sequentis,
656 1521 795 1565 Leone
821 1521 936 1563 VIII.
956 1522 1185 1577 superstite
1196 1529 1228 1575 ⁶,
1257 1522 1385 1564 iussu
1403 1523 1591 1578 impera-

30 1591 31 1594 ’
93 1579 205 1622 toris
243 1584 504 1634 composuit,
543 1584 590 1620 ut
630 1584 729 1620 acta
768 1578 862 1620 eius
891 1577 1099 1620 Romana
1127 1577 1351 1633 probaret,
1390 1592 1502 1634 opus
1538 1578 1591 1621 ab

93 1634 373 1701 Antapodosi
407 1634 638 1685 diversum,
673 1634 913 1675 maturiore
948 1634 1149 1690 inqenio,
1186 1633 1282 1676 stilo
1318 1635 1525 1690 yraviore
1554 1641 1593 1677 et

33 1719 34 1722 =
93 1704 240 1757 magis
283 1690 516 1745 composito
560 1690 637 1746 qui
680 1696 824 1733 tamen
868 1689 1214 1745 Liudprandum
1255 1694 1369 1731 totus
1411 1689 1591 1745 referat,

1 1797 4 1798 ⁷
95 1760 244 1789 ammo
262 1747 472 1812 scriptum
487 1760 578 1788 non
597 1745 849 1788 adversarii
870 1744 945 1787 sed
971 1760 991 1787 s
1024 1747 1224 1788 ectatoris
1236 1753 1265 1786 ⁷.
1310 1744 1527 1788 Servatur
1541 1748 1590 1789 in

34 1807 35 1810 ’
93 1802 236 1845 eodem
255 1802 402 1844 codice
422 1801 700 1859 autoqrapho
721 1816 844 1858 quem
863 1802 988 1844 mani
1016 1817 1068 1844 us
1087 1801 1281 1854 terimus,
1301 1801 1428 1844 libris
1448 1801 1588 1844 Anta-

64 1878 70 1884 Δ
85 1858 301 1915 podoseos
329 1858 599 1914 praefixum,
633 1857 712 1900 sed
745 1862 792 1900 in
830 1856 978 1899 media
1005 1858 1218 1900 sententia
1245 1856 1463 1911 deficiens,
1492 1872 1590 1900 cum

5 1940 28 1948 v
92 1919 237 1957 tamen
290 1915 485 1969 spatium
532 1918 784 1980 superesset.
869 1911 1001 1956 Circa
1050 1913 1165 1956 idem
1212 1918 1380 1969 tempus
1427 1928 1504 1957 cor
1537 1929 1589 1956 us

91 1967 141 2014 S.
179 1969 402 2026 Hymerii,
442 1968 709 2013 Amenensis
751 1969 967 2024 episcopi,
1016 1968 1270 2013 Cremonam
1310 1974 1486 2012 transtu
1506 1984 1589 2013 isse

13 2038 16 2043 ·
91 2025 289 2078 videtur,
332 2026 460 2068 cuius
500 2026 567 2068 rei
611 2025 840 2067 historiam
883 2026 1147 2068 succinctam
1183 2040 1237 2068 εει·
1275 2027 1408 2068 veteri
1443 2025 1588 2068 codice

101 2080 325 2139 Uqhellius
352 2080 530 2135 edidit⁸‚
560 2087 597 2124 et
626 2081 665 2123 6.
694 2079 797 2123 Kal.
827 2080 987 2124 Martii
1015 2097 1058 2124 a.
1087 2080 1171 2124 965
1199 2087 1342 2124 terras
1372 2082 1589 2139 quasdam

94 2198 132 2243 1)
165 2200 204 2235 11
251 2211 284 2235 c.
320 2201 377 2234 78.
441 2201 499 2235 111
545 2212 578 2236 c.
612 2201 659 2234 20
706 2200 767 2235 fin.
809 2201 861 2235 lv
900 2211 931 2235 e.
970 2201 1028 2233 18.
1093 2200 1144 2234 IV
1185 2211 1216 2236 c.
1258 2201 1315 2235 15.
1379 2201 1413 2235 V
1452 2211 1484 2235 c.
1527 2201 1587 2236 80.

91 2248 133 2293 2)
158 2249 255 2283 Mon.
282 2249 365 2284 hist.
391 2254 481 2295 patr.
508 2249 614 2292 XIII,
642 2250 753 2283 1120=
789 2249 952 2284 ‘domnus
978 2248 1221 2293 Lintprandue
1247 2250 1439 2295 episcopus
1464 2254 1588 2284 sancte

92 2297 342 2333 canonensis
367 2297 534 2333 eceleeie'
555 2298 744 2343 Pelegrino
771 2298 865 2332 bona
884 2299 1116 2332 commutavit
1133 2308 1166 2331 a.
1185 2297 1256 2331 962
1276 2297 1334 2332 die
1356 2299 1412 2333 14.
1430 2299 1589 2333 Ianuarii

89 2356 203 2381 mens.
242 2347 373 2382 Othone
399 2348 604 2381 etiamnunc
629 2357 727 2391 rege.
830 2345 869 2390 8)
887 2347 982 2381 Hiet.
1001 2347 1142 2381 Ottonie
1167 2357 1200 2380 c.
1225 2347 1289 2380 10:
1316 2348 1588 2392 ‘potuissemust

14 2411 17 2413 ·
91 2393 132 2439 4)
157 2394 251 2430 Eiet.
278 2395 420 2431 Ottonis
446 2406 479 2431 c.
507 2396 565 2429 11.
681 2395 721 2439 ⁶)
747 2395 841 2430 mut.
869 2396 942 2430 Ott.
972 2394 1028 2429 18.
1056 2394 1101 2429 (le
1127 2395 1298 2430 Iohannis
1324 2396 1407 2431 XII.
1442 2397 1588 2430 interitu

90 2443 127 2478 'a
151 2444 227 2478 unis
253 2445 415 2488 cognatis
441 2448 478 2479 et
502 2443 737 2478 familiaribus
764 2446 825 2488 qni
851 2448 1035 2489 presentes
1061 2448 1174 2486 erant,
1205 2455 1379 2489 persaepe
1405 2445 1470 2479 sub
1497 2449 1586 2479 atte-

91 2493 246 2528 maone
277 2492 500 2528 audivimus.
599 2492 639 2537 6)
666 2493 720 2527 lb.
747 2492 782 2527 6.
810 2493 981 2528 ‘Leonem
1015 2502 1111 2527 nnnc
1142 2494 1180 2526 in
1213 2493 1340 2527 eadem
1376 2493 1463 2528 sede
1489 2493 1587 2528 beati

90 2540 190 2576 Petri
215 2541 456 2587 apostolorum
481 2541 680 2577 vicarinm’.
721 2541 798 2575 Leo
824 2552 858 2576 a.
875 2542 947 2575 968
971 2542 1006 2575 d.
1030 2541 1065 2576 6.
1082 2541 1175 2576 Dee.
1203 2546 1445 2586 consecratus,
1463 2552 1586 2576 mense

90 2589 221 2625 Martio
247 2601 281 2626 a.
306 2590 378 2624 ⁹6⁶
405 2591 507 2627 obiit.
599 2590 638 2634 7)
663 2589 752 2624 Ideo
778 2591 830 2625 ibi
852 2590 897 2624 de
914 2601 954 2625 se
972 2591 1050 2636 ipso
1068 2590 1106 2624 in
1123 2600 1277 2636 persona
1293 2591 1401 2625 tertia
1417 2590 1585 2636 loquitur.

91 2636 132 2683 8)
157 2638 253 2673 ‘Fuit
276 2640 313 2673 in
338 2639 465 2674 diebus
490 2638 641 2675 othoni·
674 2639 818 2674 maioris
845 2639 1034 2674 clarissimi
1067 2639 1291 2685 imperatoris
1324 2639 1472 2684 quidam
1500 2639 1585 2674 Cre-

89 2688 270 2723 monensi·
295 2689 485 2734 episcopm
510 2688 627 2723 bonae
652 2689 845 2723 memoriae
862 2688 987 2731 Lim,
1011 2688 1157 2723 intimus
1181 2689 1367 2723 summista
1390 2689 1522 2732 regius.
1549 2689 1586 2722 in

92 2735 241 2771 oonsilio
275 2738 455 2782 providus,
484 2747 604 2771 amore
638 2736 761 2771 <livino
795 2736 951 2782 deniqne
981 2736 1151 2782 repletus,
1183 2741 1224 2771 nt
1256 2738 1346 2771 tanti
1370 2737 1484 2782 patris
1509 2737 1584 2780 Hy-

0 2784 17 2846 ,3
91 2785 194 2820 meru
218 2786 383 2820 inventor
408 2790 445 2820 et
468 2786 617 2831 portitor
641 2785 744 2820 fieret
766 2784 896 2822 almus.
948 2786 1018 2828 Qui
1044 2795 1124 2820 cnm
1149 2786 1353 2830 frequenter
1378 2784 1586 2829 ingrediens

0 2850 3 2883 ἰ
91 2837 130 2867 et
154 2834 276 2869 exiens
291 2845 315 2869 a
330 2834 423 2869 faeie
440 2835 553 2879 regia,
571 2834 725 2869 fideliter
741 2844 852 2879 agens
870 2845 957 2879 erga
972 2839 1168 2880 praecepta
1184 2833 1397 2880 imperialia,
1414 2834 1585 2868 Romanis

0 2884 30 2939 ff
90 2882 227 2918 inesset
249 2883 421 2929 partibus,
445 2885 545 2919 venit
569 2883 617 2918 ad
643 2894 725 2918 eum
749 2883 991 2919 Ameria-,ensis
1025 2884 1232 2929 episcopus,
1266 2893 1372 2928 quem
1406 2881 1585 2917 malevola
