1838 3210
182 352 249 379 9⁴38.

102 683 178 710 Nov.
200 683 247 709 ²8.

266 225 332 257 162
631 222 933 257 LIUDPRANDI
960 222 1188 258 LEGATIO.
1240 222 1397 256 ⁶8-61.

262 335 438 390 toribus,
468 350 483 376 s
499 335 541 376 ui
572 333 843 390 Hydruntem
874 348 942 375 me
971 348 1048 390 per
1066 349 1182 377 mare
1209 334 1507 387 conducerent,
1531 346 1791 379 ›commen-0

261 392 390 435 davit.
491 404 608 432 erum
640 404 736 431 cum
767 387 963 442 entolina,
993 389 1037 431 id
1066 397 1130 433 est
1157 404 1282 447 prece
1317 398 1419 444 tum,
1448 390 1516 432 ius
1538 389 1752 448 oepfloni·

261 464 287 491 a
316 447 580 490 Graecorum
611 443 874 501 principibus
904 458 989 486 non
1009 444 1224 499 haberent,
1255 405 1405 489 ubiubi
1426 443 1752 502 spemebanmr3
1797 459 1801 478 ²

262 518 341 547 nec
380 503 464 545 iam
503 516 579 543 nos
615 501 669 542 ab
706 500 831 557 ipsis,
872 499 946 542 scd
985 501 1067 557 ipsi
1104 516 1131 542 a
1164 500 1287 544 nobis
1317 500 1553 544 alebantur.
1607 500 1750 556 Quam
1798 535 1800 537 -

262 574 387 616 saepe
419 557 520 599 illud
535 557 836 598 Terentianum
866 571 1034 598 mecum
1065 556 1410 600 stomachabar¹z
1441 556 1614 600 ‘Tutore
1642 571 1751 615 opus
1798 607 1806 612 ‚

262 621 336 669 est,
397 628 475 656 uos
504 612 745 655 defensores
804 610 923 653 aras'.
1798 619 1799 623 ’

373 699 381 710 .
401 671 440 711 9.
484 669 503 710 Ι
536 669 618 710 itur
633 667 755 709 nonis
771 626 970 710 {alendis
986 667 1239 710 Decembris
1255 668 1526 725 Naupactum
1540 682 1752 726 egressus,
1801 673 1806 725 j

262 725 393 769 bi'duo
423 724 478 767 ad
542 723 748 766 ffidarima
779 722 986 765 fluvium²
1017 738 1154 780 usque
1183 725 1370 780 perveni,
1400 724 1526 766 cumb
1555 725 1660 768 meis
1679 739 1750 768 eo-
1807 763 1809 768 Α

261 781 434 824 mitibus
464 794 548 823 non
577 780 619 821 in
648 778 864 832 naviculis,
895 793 1004 836 quae
1033 794 1107 822 eos
1137 793 1288 836 capere
1317 786 1631 845 non-poterant,
1649 781 1752 824 resi·
1808 800 1810 805 ·

148 851 166 869 v
240 836 471 889 .dentibus,
502 835 576 877 sed
606 849 727 877 secus
757 833 855 876 litus
894 833 1180 891 pergentibus.
1238 835 1371 878 Positi
1400 843 1544 894 itaque
1571 836 1618 879 in
1645 835 1751 881 Offi-
1799 851 1805 888 3

110 1127 119 1135 ⁶
132 1135 160 1159 p.
175 1127 242 1154 361.

98 1402 174 1430 Nov.
198 1403 246 1430 30.

42 1453 113 1480 lsai.
130 1453 176 1487 28,
195 1453 243 1479 19.

262 893 382 935 dari⁰
425 891 612 944 flumine,
656 890 804 932 Patras
839 889 923 932 alio
963 892 1091 933 maris
1122 892 1165 932 in
1208 890 1341 944 litore,
1386 890 1534 935 decem
1573 899 1616 936 et
1651 899 1751 937 octo
1805 888 1810 927 Ῑ

262 947 496 991 miliaribus
525 947 683 989 distare
711 946 1026 1002 prospeximus.
1085 947 1224 1000 Quem
1254 945 1513 1004 apostolicae
1542 948 1752 1005 passionis
1800 970 1802 974 ·

260 1004 414 1057 locum,
446 1003 520 1060 qui
550 1001 959 1058 Constantinopolim
989 1002 1257 1046 ascendendo
1294 1003 1573 1058 visitavimus,
1600 1002 1752 1048 ndoru-
1807 1035 1808 1038 ,

260 1061 411 1112 vimus,
441 1073 554 1100 nunc
586 1072 683 1100 eum
720 1058 891 1099 visitare
921 1064 962 1100 et
990 1058 1170 1101 adorare
1198 1085 1255 1091 —
1283 1059 1489 1102 confiteor
1524 1065 1750 1116 peecatum
1803 1073 1808 1084 ²

260 1116 419 1157 meum!
450 1141 506 1146 -
536 1113 787 1155 distulimus.
846 1114 968 1155 Fecit
996 1114 1088 1167 hoc,
1128 1114 1288 1157 domini
1326 1115 1436 1158 *mei
1468 1115 1652 1172 angusti,
1686 1131 1750 1159 re-
1805 1123 1808 1134 ²

259 1170 451 1213 vertendi
481 1169 535 1211 ad
565 1183 642 1211 vos
673 1176 715 1211 et
743 1168 915 1211 videndi
953 1168 1165 1212 ineffabile
1195 1170 1474 1228 desiderium,
1509 1177 1552 1214 et
1585 1170 1631 1214 ni
1668 1170 1752 1216 hoe
1803 1171 1810 1225 J

260 1225 397 1268 solum
427 1232 549 1279 esset,
580 1231 798 1281 perpetuo,
829 1231 875 1267 ut
904 1231 1021 1281 puto,
1051 1226 1262 1282 perierim.
1803 1263 1805 1267 .

371 1282 438 1324 60.
496 1281 711 1336 Pugnavit
740 1287 887 1322 contra
916 1295 984 1323 me
1012 1282 1272 1324 insensatum
1296 1287 1469 1326 auster*
1490 1287 1625 1332 mne
1642 1281 1751 1326 flati-
1799 1325 1800 1328 ,

258 1336 339 1379 bus
368 1336 422 1378 ab
453 1337 548 1378 imis
577 1334 753 1378 turbans
783 1336 969 1379 sedibus.
1019 1337 1216 1395 Cumque
1244 1338 1326 1381 hoc
1355 1351 1436 1380 con
1497 1336 1748 1397 uit‘diebus
1796 1343 1802 1348 ’

259 1407 309 1435 ac
339 1393 537 1435 noctibus
566 1391 727 1435 faceret
767 1392 903 1448 pridie
935 1393 1145 1436 Calendas
1175 1394 1438 1448 Decembris,
1467 1394 1481 1436 i
1514 1408 1563 1438 so
1586 1392 1751 1439 :cilicet
1799 1419 1804 1436 s

259 1449 468 1505 passionis
498 1448 566 1490 die
579 1454 608 1501 ⁴,
638 1425 740 1490 intei

212 1520 214 1524 ⁴
256 1505 429 1547 vexatio
458 1503 715 1546 intellectum
746 1504 863 1546 dedit
891 1503 1069 1548 auditui.
1128 1506 1284 1549 Fames
1323 1506 1483 1563 quippe
1510 1520 1590 1556 nos
1624 1506 1750 1550 velie·
1798 1523 1811 1525 ‘

257 1566 419 1602 menter
449 1565 728 1616 oppresserat.
786 1559 943 1603 Terrae
978 1560 1154 1615 incolae,
1193 1568 1241 1604 ut
1277 1568 1422 1605 nostra
1453 1562 1579 1606 nobis
1613 1562 1750 1606 aufer-
1803 1559 1809 1572 ⁹

254 1621 360 1669 rent,
382 1616 617 1658 interficere
637 1630 715 1657 nos
731 1616 994 1671 cogitabant3
1015 1631 1144 1671 mare,
1160 1633 1214 1660 ne
1230 1617 1515 1674 effugeremus
1546 1616 1751 1670 fluetibus
1794 1638 1796 1640 ’

255 1671 486 1714 aestuabat.
536 1671 648 1713 Tum
676 1685 905 1714 conversus
931 1672 985 1715 ad
1006 1672 1242 1728 ecclesiam,
1263 1689 1393 1731 quam
1411 1650 1624 1730 videbam,
1641 1672 1753 1721 flam
1782 1723 1794 1734 „v

255 1733 297 1769 et
326 1726 486 1769 eiulans
516 1728 712 1783 inquam:
754 1727 925 1770 ‘Sancte
954 1727 1128 1772 Andrea
1165 1729 1370 1795 apostole,
1410 1730 1796 1792 compisenfflxiqj

255 1782 476 1825 confratris
507 1789 548 1825 et
579 1782 813 1839 coapostoli
834 1784 896 1826 tui
919 1783 1105 1827 Simonis
1125 1786 1242 1827 Petri
1262 1800 1358 1828 sum
1378 1800 1542 1828 servus.
1579 1782 1792 1844 Ρωήᾳυ
1828 1829 1830 1831 ,

253 1839 319 1880 nis
348 1844 447 1881 tuae
476 1837 618 1880 locum
646 1853 734 1880 non
753 1839 967 1894 abhorrui,
996 1855 1075 1883 nec
1097 1841 1297 1898 superbia
1317 1840 1544 1896 declinavi3
1573 1841 1660 1886 urit
1676 1841 1748 1886 me
1799 1876 1801 1878 -

254 1893 427 1936 domum
455 1893 661 1937 redeundi
689 1894 922 1950 augustalis
961 1896 1092 1939 iussio
1104 1897 1136 1950 ‘¹,
1172 1897 1408 1954 augustalis
1437 1911 1568 1940 amor.
1626 1896 1676 1941 Si
1703 1903 1747 1942 te

254 1948 308 1991 ad
338 1949 426 1991 indi
459 1950 671 1992 nationem
702 1952 934 1993 commovit
961 1958 1186 2008 peccatum
1222 1968 1379 2008 meum,
1415 1951 1558 1997 eliciat
1582 1953 1641 1996 ad
1667 1955 1746 1997 mi·
1797 1990 1799 1994 .

254 1965 528 2048 sericordgjam
556 2020 748 2048 meorum
777 2007 975 2049 meritum
1005 2015 1299 2065 augustorum.
1343 2009 1438 2052 Non
1458 2008 1604 2064 habes,
1626 2009 1746 2053 stan-i

256 2060 370 2117 quod
410 2061 621 2115 conferas3
660 2062 804 2105 confer
841 2061 1115 2120 diligentibus
1153 2064 1324 2108 fratrem
1358 2065 1566 2121 augustis,
1602 2065 1746 2109 inhae-
1794 2111 1795 2114 Ἴ

253 2115 384 2157 rendo
415 2117 454 2158 ei
484 2117 558 2173 qui
588 2119 729 2160 omnia
758 2119 886 2160 novit.
935 2120 1058 2163 Nosti
1087 2128 1146 2174 tu,
1178 2128 1335 2178 quanto
1363 2120 1510 2164 labore
1527 2127 1572 2164 et
1587 2119 1745 2170 sudore
1795 2146 1800 2151 k

255 2172 508 2228 quantisque
551 2173 707 2229 vigiliis
746 2180 788 2216 et
832 2174 1034 2231 impensis
1071 2176 1308 2219 Romanam
1351 2176 1492 2220 statris
1529 2176 1592 2220 tui
1627 2176 1744 2220 Petri
1795 2210 1802 2236 5

255 2226 435 2289 apostoli
474 2227 719 2283 ecclesiam,
757 2244 812 2271 ex
847 2231 1076 2287 impiorum
1111 2231 1309 2275 manibus
1343 2239 1555 2290 ereptam,
1583 2231 1744 2277 ditave-

255 2286 350 2334 rmt,
379 2281 687 2338 honoraverint,
718 2284 1007 2341 exaltaverint,
1038 2295 1080 2330 et
1108 2289 1151 2330 in
1181 2295 1336 2331 statum
1365 2289 1587 2345 proprium
1615 2287 1745 2332 refor-
1790 2299 1792 2302 “
1826 2275 1829 2318 ῗ

255 2337 475 2379 maverint.
540 2338 587 2381 Si
625 2354 719 2382 mea
759 2356 828 2384 me
869 2344 1125 2400 precipitant
1168 2358 1315 2401 opera,
1358 2345 1550 2401 ipsorum
1589 2343 1784 2388 saltem

254 2389 432 2434 liberent
459 2395 627 2449 merita3
659 2410 848 2453 quosque
877 2398 967 2441 vult
995 2400 1212 2455 predictus
1242 2401 1326 2443 fide
1355 2408 1398 2444 et
1425 2400 1632 2458 sanguine
1654 2399 1743 2444 fra-
1769 2423 1784 2458 -χ
1826 2408 1828 2426 '²

254 2451 318 2487 ter
348 2454 458 2502 tuus,
487 2449 772 2505 apostolorum
795 2454 994 2511 princeps
1014 2455 1233 2512 apostolus
1251 2457 1416 2511 Petrum
1436 2457 1482 2499 in
1499 2455 1595 2499 aliis
1612 2454 1744 2501 rebus
1778 2487 1782 2498 2
1825 2482 1828 2518 ὲ

254 2501 440 2556 gaudere
469 2510 511 2546 et
535 2510 785 2562 prosperari,
817 2509 860 2550 in
879 2509 972 2564 hac,
1003 2511 1047 2553 id
1067 2513 1193 2554 estin
1213 2527 1293 2567 me,
1324 2526 1451 2569 quem
1470 2513 1556 2569 ipsi
1575 2510 1741 2556 dimxe-
1770 2513 1790 2542 J
1824 2519 1828 2551 ἒ

253 2564 359 2610 rant,
389 2559 560 2602 minime
590 2563 857 2605 contristari'!
1789 2602 1792 2604 v

366 2614 433 2655 61.
491 2616 586 2657 Non
624 2625 698 2671 est,
736 2619 895 2662 domini
936 2623 1017 2663 mei
1053 2624 1226 2678 augusti
1263 2625 1551 2680 imperatoreS,
1589 2637 1740 2666 verum
1785 2623 1791 2674 ᾖ

254 2694 283 2727 a)
303 2696 342 2723 al.
364 2696 532 2729 Ophidarin
555 2701 584 2726 C.
679 2701 709 2736 b)
733 2706 765 2729 nt
787 2706 816 2730 0.
840 2712 907 2730 cum
931 2706 1004 2731 (r'iee.
1095 2706 1123 2739 c)
1146 2707 1284 2734 offidaro
1306 2708 1335 2733 C.
1424 2706 1455 2740 d)
1477 2708 1518 2734 ιἰα
1539 2708 1741 2740 conivendum
1786 2719 1792 2738 ς
1824 2709 1827 2753 ;

255 2734 409 2763 ridebatur.
432 2738 509 2764 visio
531 2739 559 2764 C.

255 2806 292 2851 1)
318 2809 409 2845 Eun.
435 2812 496 2855 IV,
523 2814 555 2855 6,
590 2815 649 2849 32.
750 2818 789 2861 2)
815 2819 1002 2860 Quondam
1034 2821 1195 2863 Euenus,
1230 2832 1323 2856 nunc
1358 2822 1515 2857 Phidari.
1614 2820 1656 2867 3)
1680 2821 1741 2858 Gf·
1823 2811 1826 2856 ff

253 2856 336 2901 sap.
364 2859 399 2901 ὅ,
426 2859 484 2894 21.
583 2863 624 2907 4)
650 2865 719 2899 Die
748 2867 784 2900 s.
811 2868 988 2902 Andreae.
1783 2871 1786 2874 ’
1824 2868 1825 2876 ’

741 1447 826 1490 lexi
856 1463 951 1490 meo
982 1449 1085 1492 mihi
1106 1449 1186 1493 hoc
1207 1449 1412 1493 accidisse
1431 1449 1485 1493 de
1502 1450 1598 1494 icto.
1647 1449 1751 1494 Sola
1803 1463 1804 1466 ’
