1838 3210
349 253 395 286 98
539 249 839 285 LIUDPRANDI
866 246 1212 282 ANTAPODOSIS.
1264 245 1361 280 Lm.
1387 245 1451 280 IV.
1501 244 1660 280 30-88.

269 376 334 404 938.
351 371 517 420 tempus
574 369 782 418 expectat.
859 358 1070 401 Malumus
1125 359 1236 400 enim
1295 357 1512 400 rusticana
1564 354 1810 423 simplicitet.

176 492 205 519 p.
230 484 295 511 326.

260 830 334 865 (18.)

265 2322 339 2357 (ιθ.)

351 419 510 471 lactari,
564 421 710 474 ‘quam
762 414 957 458 Tulliana
1004 414 1157 456 facetia
1205 411 1461 470 periclitari’.
1536 412 1620 456 His
1666 411 1791 456 audi·

352 473 642 518 Heverardum
673 481 800 537 atque
831 470 1117 513 Gislebertum
1147 470 1361 512 hominem
1390 475 1542 512 exutos
1561 483 1668 523 esse,
1696 482 1727 527 p
1751 469 1817 506 'u‘

350 532 513 588 impetu
549 529 768 581 nuntiav1t,
804 526 1113 583 volentemque,
1150 524 1329 582 qualiter
1364 524 1445 568 hoc
1483 524 1700 579 acciderit,
1741 539 1772 582 p

351 587 484 643 sequi,
520 600 597 627 rex
641 598 769 625 manu
814 597 908 625 com
943 582 1090 635 escuit,
1133 595 1184 623 ac
1228 595 1331 623 mox
1369 580 1423 623 de
1458 595 1568 638 equo
1604 580 1805 624 descen-⁹

351 656 540 698 seseque,
571 654 665 682 cum
697 638 882 681 lacrimis
941 653 991 680 eo
1022 638 1181 695 gratias
1200 652 1346 694 agens,
1376 637 1421 679 in
1444 637 1678 680 orationem
1707 634 1812 679 2⁴1·ss

352 700 449 751 Qua
477 695 661 754 expleta,
690 695 885 746 surrexit,
916 700 1044 751 atque
1074 693 1223 735 itinere
1255 707 1340 750 quo
1361 700 1535 751 ceperat
1553 692 1635 736 deo
1654 706 1702 736 se
1722 696 1821 749 (20¹1>

351 753 648 796 mendaturum
678 750 734 792 ad
763 750 959 793 eclesiam
990 749 1138 793 tendit.
1816 759 1818 762 ’

462 810 529 852 31.
587 807 684 849 Hoc
725 807 769 848 in
808 813 999 863 tempore
1034 804 1261 848 Bermldus
1290 805 1599 862 Bagoariorum
1627 803 1732 860 dux,
1773 823 1785 843 a
1810 811 1812 813 ’

349 865 454 908 nulfi
483 864 603 907 (lucis
633 863 801 915 frater1,
836 863 902 904 vir
931 869 1138 915 strenuus,
1177 862 1290 918 regis
1320 860 1514 919 partibus
1551 867 1641 905 toto
1668 859 1787 920 fave

350 921 584 965 conamine.
642 918 801 960 Volens
822 918 965 975 itaque
988 933 1078 972 rex,
1107 924 1154 960 ut
1174 917 1535 975 quemadmodum
1554 915 1790 960 tribulam·

378 977 571 1020 reteritae
615 975 674 1016 ita
713 981 754 1016 et
788 973 954 1017 laeticie
1021 974 1200 1016 resentis
1228 973 1349 1017 fieret
1376 973 1605 1039 particeps,
1647 985 1795 1031 sequa-0

349 993 431 1087 gie,
481 1037 638 1097 quanta
688 1043 791 1087 erga
844 1045 940 1073 eum
1015 1031 1183 1072 ominus
1222 1029 1430 1073 beneficia
1476 1029 1625 1086 egerit,
1673 1042 1804 1071 nun

350 1089 520 1131 directis
548 1087 758 1152 apperuit.
819 1085 902 1129 Cui
932 1086 1060 1129 etiam
1095 1087 1140 1128 in
1175 1093 1452 1143 augmentum
1490 1083 1700 1139 laeticiae,
1735 1098 1810 1142 qu

348 1146 462 1187 niam
498 1141 736 1198 coniugalia
777 1142 951 1185 minime
989 1141 1213 1185 tenebatur
1252 1141 1438 1197 vinculo,
1474 1139 1751 1185 demandavit
1837 1187 1838 1190 ,

349 1201 584 1242 iuramento
615 1198 860 1255 promittere
890 1199 1002 1252 fecit,
1033 1204 1081 1240 ut
1110 1199 1144 1241 si
1175 1213 1364 1242 sororem
1394 1211 1530 1252 suam,
1558 1195 1723 1240 scilicet
1751 1200 1771 1234 ἓ
1786 1195 1798 1207 ’

349 1255 497 1299 leberti
524 1269 716 1308 uxorem,
752 1253 908 1297 habere
938 1261 1095 1311 posset,
1135 1268 1230 1297 eam
1267 1253 1328 1296 illi
1364 1254 1562 1311 coniugio
1597 1266 1699 1311 cop·
1736 1272 1741 1288 ι
1785 1273 1803 1289 ι-
1830 1241 1837 1258 ⁸

351 1311 466 1369 quod
496 1311 531 1352 si
560 1311 700 1352 minus
729 1309 990 1366 procederet,
1020 1311 1154 1367 ipsius
1185 1309 1416 1354 Gisleberti
1444 1324 1501 1353 ex
1524 1308 1675 1353 eadem
1693 1322 1812 1352 soro

348 1368 548 1424 genitam,
579 1380 705 1430 quam
735 1380 893 1423 poenes
924 1381 971 1408 se
1003 1366 1222 1421 habuerat,
1251 1367 1338 1409 fere
1366 1367 1453 1409 iam
1479 1364 1684 1420 nubilem,
1726 1385 1746 1402 ι·
1832 1371 1835 1380 ”

348 1422 422 1465 tali
451 1423 489 1465 ei
520 1423 718 1477 coniuglo
748 1421 945 1465 traderet.
1006 1422 1102 1476 Quo
1126 1422 1286 1476 audito,
1315 1421 1543 1466 Bertaldus
1562 1421 1764 1487 inmenso·
1784 1441 1835 1492 ιχ,

1831 1422 1835 1431 ι

349 1478 506 1535 gaudio
550 1477 747 1531 affeetus3
800 1477 1010 1535 elegitque
1053 1479 1197 1535 potius
1240 1478 1430 1521 nondum
1472 1476 1663 1521 nubilem
1718 1498 1725 1514 ·
1806 1531 1808 1534 .

350 1541 590 1591 expectare,
620 1547 747 1589 quam
777 1540 968 1588 matrem,
999 1549 1107 1591 quae
1137 1535 1222 1576 iam
1252 1540 1470 1592 nupserat,
1497 1532 1642 1577 tollere
1651 1540 1681 1576 ¹.
1798 1519 1835 1592 χρί

461 1590 527 1632 32.
586 1589 831 1632 Fridericus
865 1591 1050 1647 denique
1086 1591 1454 1647 Magonciacensis
1491 1589 1670 1633 eclesiae
1704 1593 1833 1646 arcu}

352 1646 591 1702 episcopuS,
622 1645 743 1687 cuius
774 1645 948 1688 consilio
987 1646 1287 1704 episcoporum
1324 1644 1517 1690 nonnulli
1544 1659 1690 1703 regem
1727 1644 1795 1682 ·'··
1827 1650 1832 1704 ss

351 1707 490 1744 serant
533 1708 581 1743 ut
609 1715 737 1757 quam
767 1700 928 1744 occulte
957 1702 1152 1759 gestabat
1179 1703 1265 1745 iam
1293 1702 1520 1746 infidelitas
1540 1701 1703 1745 cunctis
1720 1714 1804 1768 paq
1826 1741 1833 1768 Q

349 1763 426 1812 ret,
474 1733 621 1800 decem
669 1756 802 1800 ferme
850 1765 948 1800 ante
990 1759 1383 1815 prenominatorum
1426 1757 1579 1801 diebus
1622 1758 1748 1800 intem
1779 1776 1830 1814 υ.

350 1827 495 1869 regem
525 1812 723 1867 deseruit,
750 1827 801 1855 ac
829 1813 1099 1856 Maooneiam
1130 1816 1323 1858 concitus
1351 1815 1486 1869 venit3
1522 1816 1568 1857 in
1595 1827 1682 1871 qua
1708 1813 1797 1856 nic-
1826 1820 1830 1871 ζ

350 1874 551 1921 moratus,
594 1869 828 1912 Metensem
863 1848 1012 1912 urbem
1049 1871 1173 1912 adit³.
1245 1871 1327 1913 Dis
1360 1877 1530 1914 osuerat
1571 1869 1685 1914 enim
1759 1888 1806 1921 ιιι,

349 1923 477 1967 frater
515 1925 757 1978 Heinrieus,
801 1925 1077 1969 redeuntibus
1119 1885 1371 1970 Heverarslb
1413 1934 1541 1984 atque
1586 1924 1726 1969 Gisle·
1745 1944 1757 1962 ι
1796 1912 1831 1955 1⁸

351 1994 447 2022 cum
491 1979 641 2023 eodem
683 1980 902 2023 Friderico
945 1981 1069 2024 isthic
1112 1983 1349 2026 exercitum
1379 1996 1652 2040 congregare,
1694 1970 1830 2038 sicq·

351 2036 441 2092 regi
461 2036 505 2077 in
524 2035 688 2078 Alsatia
707 2036 879 2093 degenti
898 2036 1058 2080 bellum
1077 2039 1315 2081 maximum
1334 2053 1564 2097 preparare
1572 2038 1604 2080 Β.
1644 2036 1802 2094 Cumq
1822 2023 1829 2105 t

349 2090 419 2133 illo
449 2092 712 2148 pervenisset
747 2094 988 2136 nominatus
1024 2094 1385 2152 archiepiscopus,
1426 2095 1640 2152 insperate
1674 2100 1719 2136 et
1753 2107 1800 2135 ιι

352 2154 559 2204 oportune
597 2149 734 2191 nuntii
771 2149 810 2191 ei
849 2158 1088 2203 occurrunt,
1123 2152 1198 2207 qui
1236 2152 1323 2193 iam
1360 2150 1592 2209 prelibatos
1625 2148 1784 2207 prinei

350 2211 484 2245 morte
523 2204 809 2247 intercedente
846 2220 932 2247 non
974 2206 1120 2249 vivere
1164 2207 1323 2250 dicunt.
1382 2207 1480 2261 Quo
1508 2205 1669 2261 audito,
1696 2205 1769 2248 ani

354 2266 657 2314 consternatus,
687 2261 791 2316 quid
817 2260 978 2304 faceret
1006 2262 1174 2318 penitus
1202 2263 1440 2319 ignorabat.

1821 2136 1829 2328 i

1820 2359 1826 2442 :

464 2315 530 2357 33.
589 2315 682 2357 Rex
710 2316 872 2359 interea
900 2316 1107 2360 Alsatiam
1147 2318 1360 2373 deserens,
1396 2318 1623 2361 Franciam
1658 2330 1825 2360 occu

351 2367 462 2412 batc.
522 2369 656 2413 Cuius
687 2370 741 2413 ob
772 2378 931 2414 metum
970 2373 1222 2429 Magonciae
1262 2376 1377 2417 cives
1417 2374 1667 2417 redeuntem
1703 2386 1794 2415 arc

351 2426 601 2483 episcopum
631 2427 740 2469 intra
769 2429 885 2470 urbis
915 2431 1084 2471 moenia
1110 2445 1197 2472 non
1226 2430 1476 2487 suscipiunt.
1531 2428 1660 2473 Unde
1704 2450 1709 2465 :
1759 2449 1796 2465 »ν’

352 2487 428 2534 est,
458 2487 505 2523 ut
524 2496 618 2546 ‘non
646 2483 779 2525 multo
806 2490 903 2540 post
931 2498 957 2525 a
983 2487 1098 2550 regis
1128 2485 1327 2528 fidelibus
1365 2493 1530 2544 captus,
1567 2491 1611 2528 et
1646 2490 1745 2528 ante
1780 2504 1795 2521 :²

352 2542 606 2591 presentiam
636 2537 857 2593 adductus,
888 2540 1104 2583 custodiae
1134 2542 1188 2584 sit
1216 2543 1261 2584 in
1292 2542 1482 2585 saxonia
1508 2541 1730 2585 traditus&

355 2743 393 2787 1)
410 2743 569 2789 Amulfo,
590 2745 673 2780 filiis
698 2748 774 2781 eius
793 2747 953 2790 deiectis,
980 2759 1071 2782 anno
1091 2749 1160 2782 938
1179 2751 1215 2783 in
1235 2749 1368 2784 ducatu
1385 2753 1618 2784 successerat.
1694 2746 1736 2793 2)
1766 2722 1792 2777 :j

350 2792 468 2827 toldus
494 2797 620 2838 postea
644 2794 751 2828 aliam
778 2797 966 2839 coniugem
988 2797 1243 2841 (Biletrudem)
1271 2798 1413 2833 duxisse
1438 2798 1590 2833 videtur.
1670 2797 1711 2842 3)
1770 2813 1785 2825 .,

353 2842 540 2886 episcopus
564 2842 744 2878 Adalbero
771 2846 892 2879 Ottoni
918 2850 1003 2879 tune
1028 2847 1293 2882 inimicissimus
1320 2852 1409 2881 erat.
1530 2846 1571 2891 4)
1595 2843 1794 2881 widukin

1815 2921 1827 3208 l

1798 2494 1800 2496 .
1820 2472 1825 2497 ε

1820 2521 1825 2542 ι

351 2642 383 2678 a)
405 2645 537 2677 colugnli
560 2648 585 2671 1.
667 2645 698 2680 b)
720 2653 852 2680 prepare
875 2650 899 2675 1.
980 2646 1009 2681 c)
1033 2650 1203 2676 oecubabat
1226 2653 1254 2677 1.
1795 2622 1798 2626 '
1818 2567 1825 2757 1

1795 2784 1798 2787 ’
1818 2774 1822 2803 l

1794 2846 1797 2847 γ
1818 2832 1821 2854 ι

351 2889 408 2933 (ΙΙ
435 2900 465 2924 c.
492 2891 555 2934 25)
583 2902 661 2926 eum
687 2893 933 2937 Hamburgum
959 2895 1157 2939 relegatum
1186 2907 1264 2930 esse
1290 2897 1410 2930 refert.
1815 2880 1821 2995 i
