1838 3210
210 259 513 295 LIUDPRANDI
537 259 886 295 ANTAPODOSIS.
937 260 1032 294 LIB.
1058 260 1122 294 lv.
1174 260 1331 294 29--30.
1480 261 1527 293 97

134 372 298 418 artibus
328 379 485 414 erant1.
544 371 632 415 Sed
691 371 764 414 uia
799 386 948 415 eorum
985 373 1134 429 copiae
1175 373 1353 414 istorum
1390 372 1525 429 copiis
1541 381 1608 410 ⁹³⁹.

34 386 166 471 'ullo
186 427 406 471 inferiores
426 427 664 481 extiterant,
716 427 750 469 ‘s
771 435 1021 471 occurrere⁸
1041 427 1325 485 trepidabant.
1362 427 1524 471 Verum

35 496 42 533 J
60 481 205 528 ·bente
224 483 318 539 deo,
348 497 434 526 non
453 482 679 527 locutionis
700 482 777 526 sed
795 485 1085 542 inspirationis
1105 484 1246 538 modo,
1275 483 1354 526 hos
1379 483 1524 526 multis

98 560 119 578 ιι
167 538 315 597 spoliis
353 539 580 583 redeuntes
618 542 731 597 pone
771 547 986 583 secuntur.
1058 538 1257 607 Cumque
1300 538 1524 597 paululum

40 601 41 604 ’
90 597 348 651 ·cessissent‚
408 595 554 638 uidam
583 597 644 639 eis
674 595 780 638 flens
817 602 860 639 et
893 595 1056 639 eiulans
1095 595 1284 639 obwavit
1312 595 1524 639 sacerdos.

35 656 58 703 'J’
75 652 119 694 ui
147 658 323 708 rogatus
359 666 385 694 a
450 653 525 706 eis,
564 652 677 695 unde
714 653 806 707 iret,
837 666 914 695 cur
938 651 1070 706 fleret,
1110 653 1177 696 ‘ab
1212 652 1329 707 istis’,
1373 652 1525 709 inquit,

37 706 310 754 ,redonibus
339 722 421 764 ego
451 708 590 762 venio,
619 709 694 765 qui
723 709 987 765 paupertatis
1022 723 1143 751 meae
1179 722 1401 751 erumnam
1439 722 1524 750 uno

40 762 147 807 uod
186 762 322 807 solum
389 763 630 807 ossederam
671 765 860 807 iumento
898 763 1040 807 ablato
1076 763 1328 807 dilatarunt’.
1395 763 1525 817 Quod

39 840 71 855 ‹..-
96 839 117 857 u
156 819 337 877 prefati¹’
413 827 486 862 uto
516 834 567 862 ac
597 819 882 863 Chuonradus
919 820 1129 875 audirent,
1166 822 1202 863 si
1234 818 1523 863 Gislebertum

52 890 158 919 mue
188 876 485 919 Heverardum
514 875 681 930 viderit,
719 877 981 919 examussim
1017 884 1116 919 sunt
1150 876 1366 919 sciscitati.
1425 876 1524 930 Quo

41 952 88 968 ψ·-
108 930 328 975 ·ondente:
346 936 358 959 ⁴
392 932 564 975 uoniam
586 946 685 975 cum
706 931 839 989 preda
860 933 1023 975 cunctis
1074 946 1179 976 oene
1195 939 1310 975 trans
1328 931 1524 975 Rhenum

64 987 181 1043 ’is,
212 988 295 1045 ipsi
324 1002 371 1031 so
392 989 401 998 '
432 1003 532 1031 cum
562 1002 710 1031 eorum
740 987 884 1031 electis
913 988 1034 1031 militi
1068 1003 1131 1043 us,
1162 988 1280 1046 quod
1306 1002 1386 1032 nec
1415 988 1523 1032 bene

49 1071 70 1078 ·-
130 1044 180 1087 t!
212 1045 388 1101 capiunt
416 1043 591 1097 cibum’3
621 1051 738 1087 tanta
758 1044 972 1100 celeritate
1000 1059 1129 1102 super
1157 1059 1230 1087 eos
1255 1045 1434 1097 irruunt,
1464 1052 1522 1097 ut,

47 1121 51 1133 ι
90 1099 273 1154 videres,
302 1114 389 1143 non
418 1114 490 1144 eos
519 1108 714 1143 currere⁰
745 1100 822 1143 sed
850 1100 1014 1144 diceres
1042 1100 1345 1145 transvolared.
1406 1100 1524 1154 Quid

73 1155 178 1199 ura?
206 1155 479 1199 Heverardus
507 1155 661 1213 gladiis
693 1156 914 1211 occiditur,
946 1155 1212 1199 Gislebertus
1234 1156 1373 1199 Rheni
1394 1155 1521 1198 undis

48 1209 329 1269 bmergitur,
373 1227 480 1270 quas
512 1213 727 1310 t{quoniam
771 1227 847 1270 pre
886 1211 1157 1255 multitudine
1194 1211 1395 1256 sorbere⁰
1434 1226 1521 1254 non

68 1289 74 1304 ·
136 1269 180 1322 ’t,
227 1269 371 1312 anima
413 1282 511 1312 rece
542 1275 638 1311 ente
682 1267 849 1312 defecit.
921 1268 1198 1312 Caeterorum
1240 1283 1342 1312 vero
1395 1282 1519 1310 nemo

50 1344 69 1373 ,ι
110 1324 220 1379 ·'‘t,
250 1325 325 1382 qui
354 1339 440 1367 non
469 1331 543 1367 aut
569 1325 693 1367 vivus
722 1323 939 1382 ligaretur,
967 1331 1043 1368 aut
1070 1323 1214 1382 gladio
1235 1331 1518 1367 truncaretur.

46 1378 159 1423 sdes
187 1381 322 1437 igitur
349 1380 711 1448 quemadmodum
737 1396 867 1438 super
885 1395 1031 1438 regem
1050 1379 1300 1424 tribulantes
1321 1379 1519 1423 dominus

41 1459 58 1491 ,ι
80 1456 83 1472 2
108 1450 199 1479 oum
228 1437 406 1491 misent,
433 1451 561 1494 quem
591 1437 636 1479 in
663 1437 745 1479 viis
774 1437 864 1479 suis
893 1436 1134 1480 ambulasse
1165 1436 1378 1493 cognovit.

58 1511 63 1534 x
136 1492 205 1535 30.
255 1492 374 1535 Dum
409 1491 489 1535 hec
612 1499 722 1547 ntur,
759 1507 838 1536 rex
872 1493 918 1535 in
945 1492 1111 1536 Alsatia
1139 1492 1290 1535 horum
1320 1492 1611 1545 inscius²‚(1·1.)

46 1595 65 1605 ,
81 1549 134 1591 ·ri
168 1549 310 1606 potius
349 1563 478 1606 quam
572 1549 782 1592 versarios
816 1548 964 1615 fugere
993 1556 1059 1592 est
1092 1555 1280 1606 paratus.
1347 1547 1519 1590 Accidit

69 1655 71 1657 ,
93 1619 180 1659 ·ue,
210 1611 267 1658 ut,
299 1603 663 1671 quemadmodum
692 1605 731 1648 ei
771 1619 901 1648 moris
938 1612 1040 1660 erat,
1077 1619 1202 1647 mane
1232 1605 1383 1661 primo,
1415 1618 1518 1661 quo-

54 1672 70 1713 ]
108 1681 129 1699 ιι
181 1659 365 1704 aeclesia
410 1660 535 1717 longe
584 1660 744 1715 aberat,
792 1676 922 1719 super
969 1675 1129 1718 equum
1178 1660 1480 1703 conscenderet
1490 1659 1504 1687 ¹
1507 1692 1517 1714 ,

49 1740 65 1773 ,¹
87 1730 161 1761 u·e
191 1731 237 1760 se
266 1717 478 1760 munitum
507 1716 771 1760 orationibus
801 1718 894 1772 iret,
931 1732 1030 1760 cum
1059 1717 1232 1760 directis
1262 1715 1414 1782 procul
1444 1715 1518 1758 ob·

70 1794 92 1811 ιι
116 1787 200 1827 ms,
241 1773 413 1816 obviare
448 1772 531 1816 sibi
568 1773 703 1816 nimia
737 1772 950 1817 celeritate
988 1772 1204 1816 hominem
1233 1772 1352 1827 vldit,
1390 1785 1518 1829 quem

60 1857 71 1887 9
97 1843 123 1872 o
150 1829 347 1872 nuntium
377 1843 470 1872 esse
505 1828 712 1873 intellexit
722 1836 753 1871 ⁸.
811 1829 870 1872 Et
898 1830 999 1896 quia
1037 1830 1072 1871 is
1111 1830 1185 1886 qui
1213 1836 1388 1872 venerat
1425 1841 1520 1893 pro-

86 1906 94 1921 =
132 1905 137 1922 ι
177 1884 383 1928 nuntiabo
444 1899 547 1928 mox
575 1892 623 1928 ut
651 1899 795 1943 regem
825 1885 945 1939 vidlt,
981 1884 1304 1928 subsecuturam
1333 1883 1518 1927 leticiam

52 1940 213 1986 ,rodam
256 1939 382 1998 prolu
415 1942 455 1984 'o
498 1940 719 1984 hilaritatis
764 1942 959 1985 ostendit.
1038 1941 1135 1984 Hoc
1180 1941 1312 1998 igitur
1354 1939 1519 1993 inditio,

51 1997 113 2045 J·'=
154 1996 343 2041 secunda
370 2012 468 2041 eum
529 1998 573 2040 ui
602 1997 780 2041 aderant
813 1998 1007 2041 nuntiare
1043 1996 1305 2053 intellegunt,
1345 1996 1520 2039 arrectis

67 2078 70 2085 ·
107 2053 203 2098 ‘bus
233 2060 280 2096 ut
309 2067 407 2096 eum
443 2068 499 2096 au
532 2054 619 2097 ‘ant
654 2061 844 2097 currunt.
916 2053 1086 2108 Quibus
1130 2052 1350 2095 moderata
1393 2051 1520 2094 huius

88 2130 95 2147 ·
140 2110 256 2163 ssio,
299 2107 549 2167 capillorum
585 2124 637 2153 ac
672 2110 855 2153 vestium
895 2109 1161 2167 compositio,
1200 2107 1378 2151 honesta
1413 2105 1521 2149 salu·

56 2165 140 2220 ··”ο,
183 2180 321 2209 annus
365 2172 467 2209 erat.
540 2165 660 2209 Vidit
702 2181 781 2209 rex
823 2164 1031 2223 populum
1067 2163 1278 2218 anhelare,
1323 2171 1365 2207 et
1404 2161 1522 2221 quod

107 2243 116 2259 ·-
133 2221 197 2264 ·di
225 2222 415 2265 moram*
444 2222 619 2265 nuntius
658 2221 829 2275 faceret,
864 2222 1051 2279 graviter
1089 2220 1211 2264 ferre.
1276 2219 1409 2276 ‘Age’,
1448 2220 1520 2272 ait,

64 2298 83 2313 v·
116 2277 232 2336 quod
257 2278 413 2320 missus
433 2292 479 2321 es
498 2278 600 2332 fare,
630 2285 922 2344 preposterato
943 2275 1091 2320 ordine
1111 2290 1201 2319 rem
1222 2277 1341 2334 prius
1361 2275 1521 2329 iniieei,

65 2356 69 2367 ι
115 2334 393 2376 umstsntium
414 2341 552 2377 metus
571 2332 726 2387 adime,
756 2347 991 2391 eorumque
1010 2333 1174 2376 animos
1194 2331 1353 2389 gaudio
1374 2330 1521 2389 exple,

63 2435 70 2440 ,,
93 2390 184 2432 'nc
213 2404 290 2447 per
317 2388 445 2446 longa
472 2404 627 2433 exorsa
655 2397 697 2433 et
725 2389 941 2433 rhetorum
982 2388 1230 2447 prohoemia
1259 2387 1521 2431 salutationi-

72 2454 74 2456 ’
133 2459 212 2489 nos
248 2444 455 2490 demulce.
527 2445 624 2489 Non
668 2444 860 2503 qualiter,
905 2445 980 2489 sed
1024 2444 1129 2503 quid
1172 2444 1303 2497 dicas,
1347 2458 1521 2502 presens

67 2538 205 2571 ‘occurre
230 2543 258 2570 1.
346 2541 378 2574 b)
402 2542 520 2575 prefato
545 2543 569 2570 ι.
670 2541 699 2575 e)
722 2549 810 2570 cnm
834 2544 860 2570 1.
950 2541 980 2576 d)
1003 2541 1181 2570 trnnuolue
1205 2542 1230 2569 1.
1320 2541 1350 2574 ο)
1373 2540 1522 2567 exorbere

122 2581 318 2609 multitudino
339 2582 382 2616 (b.
403 2581 472 2615 δι.)
495 2579 563 2610 δι’.
602 2580 665 2607 Vua
686 2581 716 2608 S.
738 2582 863 2608 oen-ard(
885 2581 1055 2608 Bronsmie
1075 2589 1098 2607 c.
1124 2581 1168 2608 19.
1230 2579 1253 2614 s)
1276 2580 1476 2607 concenderat
1498 2581 1521 2606 ι.

66 2620 225 2660 domun
248 2622 274 2648 1.
315 2620 356 2648 Et
376 2621 451 2654 qul·
471 2621 492 2647 Ι.
514 2630 543 2654 q,
567 2628 595 2647 v.
617 2628 649 2655 p.
671 2627 702 2649 ιι.
723 2628 764 2650 ιιι.
789 2625 822 2648 nt
842 2628 868 2650 r.
887 2628 916 2648 v.
937 2621 1038 2648 auum
1060 2622 1088 2648 5.
1112 2621 1168 2648 δι.
1193 2618 1259 2647 δι’.
1354 2619 1385 2652 h)
1410 2626 1522 2646 momo-

117 2662 144 2688 ι.
223 2658 246 2695 ¹)
266 2660 369 2687 ίιιΙιιοο
394 2661 420 2686 ι.

44 2722 244 2772 ιμῑοιᾶοιιι
270 2725 430 2759 nominat
455 2725 650 2769 Reginoni·
685 2725 930 2767 continuator,
966 2723 1129 2759 Udonem
1163 2722 1277 2758 solum
1312 2722 1525 2757 Hrotsvitha

68 2812 70 2814 v
110 2772 198 2818 288)
237 2778 274 2808 et
312 2773 470 2808 Annales
495 2772 869 2818 Quodlinburgenses‚
910 2777 1057 2808 econtra
1095 2772 1351 2806 Herimsnnum
1394 2771 1521 2805 ducem

67 2857 69 2859 ,
91 2820 270 2857 dakindns
296 2823 351 2867 (11
379 2833 411 2857 c.
438 2821 516 2866 28).
609 2822 648 2866 2)
670 2822 879 2857 Bromium
904 2833 936 2856 v.
965 2821 1055 2855 288:

71 2873 82 2892 f
372 2873 421 2907 At
446 2882 508 2905 rex
534 2872 671 2906 interea
696 2873 813 2906 nescit
837 2876 909 2906 tum
937 2870 1042 2905 sortia
1068 2869 1165 2905 bella.

369 2921 506 2955 Averso
531 2920 656 2965 quidni
682 2921 843 2956 residens
869 2921 905 2955 in
931 2919 1035 2955 litore
1061 2920 1188 2954 Rheni.

1195 2985 1214 3018 7
