<?xml version="1.0" encoding="UTF-8"?>
<!DOCTYPE html PUBLIC "-//W3C//DTD XHTML 1.0 Transitional//EN"
    "http://www.w3.org/TR/xhtml1/DTD/xhtml1-transitional.dtd">
<html xmlns="http://www.w3.org/1999/xhtml" xml:lang="en" lang="en">
 <head>
  <title>
</title>
<meta http-equiv="Content-Type" content="text/html;charset=utf-8" />
  <meta name='ocr-system' content='tesseract 3.04.00' />
  <meta name='ocr-capabilities' content='ocr_page ocr_carea ocr_par ocr_line ocrx_word'/>
</head>
<body>
  <div class='ocr_page' id='page_1' title='image "./liudprandiepisco00liuduoft_0132.png"; bbox 0 0 1838 3210; ppageno 0'>
   <div class='ocr_carea' id='block_1_1' title="bbox 103 701 280 775">
    <p class='ocr_par' dir='ltr' id='par_1_1' title="bbox 103 701 280 775">
     <span class='ocr_line' id='line_1_1' title="bbox 224 701 280 738; baseline -0.036 0"><span class='ocrx_word' id='word_1_1' title='bbox 224 701 280 738; x_wconf 84' lang='lat'><strong>(⁹·)</strong></span> 
     </span>
     <span class='ocr_line' id='line_1_2' title="bbox 103 741 277 775; baseline -0.006 -6"><span class='ocrx_word' id='word_1_2' title='bbox 103 741 170 769; x_wconf 75' lang='lat'>944.</span> <span class='ocrx_word' id='word_1_3' title='bbox 193 742 277 775; x_wconf 78' lang='lat' dir='ltr'>Sept.</span> 
     </span>
    </p>
   </div>
   <div class='ocr_carea' id='block_1_2' title="bbox 143 1878 278 1913">
    <p class='ocr_par' dir='ltr' id='par_1_2' title="bbox 143 1878 278 1913">
     <span class='ocr_line' id='line_1_3' title="bbox 143 1878 278 1913; baseline 0 -6"><span class='ocrx_word' id='word_1_4' title='bbox 143 1878 154 1889; x_wconf 75' lang='grc'><strong><em>’</em></strong></span> <span class='ocrx_word' id='word_1_5' title='bbox 169 1888 198 1913; x_wconf 88' lang='lat' dir='ltr'>p.</span> <span class='ocrx_word' id='word_1_6' title='bbox 212 1880 278 1908; x_wconf 77' lang='lat'><strong>833.</strong></span> 
     </span>
    </p>
   </div>
   <div class='ocr_carea' id='block_1_3' title="bbox 137 2435 282 2464">
    <p class='ocr_par' dir='ltr' id='par_1_3' title="bbox 137 2435 282 2464">
     <span class='ocr_line' id='line_1_4' title="bbox 137 2435 282 2464; baseline 0.007 -1"><span class='ocrx_word' id='word_1_7' title='bbox 137 2437 213 2463; x_wconf 79' lang='lat' dir='ltr'>Deo.</span> <span class='ocrx_word' id='word_1_8' title='bbox 235 2435 282 2464; x_wconf 74' lang='lat'>18.</span> 
     </span>
    </p>
   </div>
   <div class='ocr_carea' id='block_1_4' title="bbox 292 238 1588 278">
    <p class='ocr_par' dir='ltr' id='par_1_4' title="bbox 292 238 1588 278">
     <span class='ocr_line' id='line_1_5' title="bbox 292 238 1588 278; baseline -0.005 0"><span class='ocrx_word' id='word_1_9' title='bbox 292 247 360 278; x_wconf 87' lang='lat'>110</span> <span class='ocrx_word' id='word_1_10' title='bbox 484 242 785 277; x_wconf 83' lang='lat' dir='ltr'>LIUDPRANDI</span> <span class='ocrx_word' id='word_1_11' title='bbox 812 239 1160 275; x_wconf 77' lang='lat' dir='ltr'><strong>ANTAPODOSIS.</strong></span> <span class='ocrx_word' id='word_1_12' title='bbox 1211 239 1306 272; x_wconf 85' lang='lat' dir='ltr'><strong>LIB.</strong></span> <span class='ocrx_word' id='word_1_13' title='bbox 1332 239 1376 272; x_wconf 83' lang='lat' dir='ltr'>V.</span> <span class='ocrx_word' id='word_1_14' title='bbox 1431 238 1588 272; x_wconf 78' lang='lat'>19-21.</span> 
     </span>
    </p>
   </div>
   <div class='ocr_carea' id='block_1_5' title="bbox 290 349 1838 2481">
    <p class='ocr_par' dir='ltr' id='par_1_5' title="bbox 290 349 1838 2481">
     <span class='ocr_line' id='line_1_6' title="bbox 290 349 1803 408; baseline -0.004 -8"><span class='ocrx_word' id='word_1_15' title='bbox 290 357 461 400; x_wconf 85' lang='lat' dir='ltr'>direxit.</span> <span class='ocrx_word' id='word_1_16' title='bbox 520 354 648 408; x_wconf 80' lang='lat' dir='ltr'>Quod</span> <span class='ocrx_word' id='word_1_17' title='bbox 676 367 776 396; x_wconf 89' lang='lat' dir='ltr'>vero</span> <span class='ocrx_word' id='word_1_18' title='bbox 805 351 861 394; x_wconf 85' lang='lat' dir='ltr'>ad</span> <span class='ocrx_word' id='word_1_19' title='bbox 891 351 1143 407; x_wconf 81' lang='lat' dir='ltr'><strong>Hispaniam</strong></span> <span class='ocrx_word' id='word_1_20' title='bbox 1172 358 1215 393; x_wconf 90' lang='lat' dir='ltr'>et</span> <span class='ocrx_word' id='word_1_21' title='bbox 1242 349 1298 392; x_wconf 84' lang='lat' dir='ltr'>ad</span> <span class='ocrx_word' id='word_1_22' title='bbox 1328 349 1545 394; x_wconf 83' lang='lat' dir='ltr'>civitatem</span> <span class='ocrx_word' id='word_1_23' title='bbox 1572 349 1711 408; x_wconf 77' lang='lat' dir='ltr'>ipsam</span> <span class='ocrx_word' id='word_1_24' title='bbox 1734 349 1803 394; x_wconf 83' lang='lat' dir='ltr'>in</span> 
     </span>
     <span class='ocr_line' id='line_1_7' title="bbox 292 404 1838 471; baseline -0.005 -16"><span class='ocrx_word' id='word_1_25' title='bbox 292 427 378 471; x_wconf 82' lang='lat' dir='ltr'>qua</span> <span class='ocrx_word' id='word_1_26' title='bbox 425 427 501 455; x_wconf 83' lang='lat' dir='ltr'>rex</span> <span class='ocrx_word' id='word_1_27' title='bbox 544 417 685 453; x_wconf 88' lang='lat' dir='ltr'>vester</span> <span class='ocrx_word' id='word_1_28' title='bbox 726 414 928 460; x_wconf 86' lang='lat' dir='ltr'>moratur,</span> <span class='ocrx_word' id='word_1_29' title='bbox 981 405 1237 460; x_wconf 87' lang='lat' dir='ltr'>Cordobam,</span> <span class='ocrx_word' id='word_1_30' title='bbox 1281 420 1369 448; x_wconf 90' lang='lat' dir='ltr'>non</span> <span class='ocrx_word' id='word_1_31' title='bbox 1410 411 1656 468; x_wconf 50' lang='lat' dir='ltr'>venerunt,-</span> <span class='ocrx_word' id='word_1_32' title='bbox 1675 404 1800 449; x_wconf 77' lang='lat' dir='ltr'>haee</span> <span class='ocrx_word' id='word_1_33' title='bbox 1837 415 1838 418; x_wconf 75' lang='grc'>’</span> 
     </span>
     <span class='ocr_line' id='line_1_8' title="bbox 293 462 1838 523; baseline -0.005 -11"><span class='ocrx_word' id='word_1_34' title='bbox 293 482 423 513; x_wconf 83' lang='lat' dir='ltr'>causa</span> <span class='ocrx_word' id='word_1_35' title='bbox 451 468 542 521; x_wconf 86' lang='lat' dir='ltr'>fuit,</span> <span class='ocrx_word' id='word_1_36' title='bbox 587 465 787 523; x_wconf 86' lang='lat' dir='ltr'>quoniam</span> <span class='ocrx_word' id='word_1_37' title='bbox 821 463 962 506; x_wconf 88' lang='lat' dir='ltr'>triduo</span> <span class='ocrx_word' id='word_1_38' title='bbox 997 477 1075 519; x_wconf 88' lang='lat' dir='ltr'>per</span> <span class='ocrx_word' id='word_1_39' title='bbox 1112 463 1363 519; x_wconf 78' lang='lat' dir='ltr'><strong>inaquosam</strong></span> <span class='ocrx_word' id='word_1_40' title='bbox 1402 469 1446 506; x_wconf 89' lang='lat' dir='ltr'>et</span> <span class='ocrx_word' id='word_1_41' title='bbox 1483 462 1580 506; x_wconf 79' lang='lat' dir='ltr'>siti·</span> <span class='ocrx_word' id='word_1_42' title='bbox 1615 468 1804 510; x_wconf 74' lang='lat' dir='ltr'>vastam</span> <span class='ocrx_word' id='word_1_43' title='bbox 1837 471 1838 474; x_wconf 76' lang='grc'>’</span> 
     </span>
     <span class='ocr_line' id='line_1_9' title="bbox 292 516 1838 583; baseline -0.005 -14"><span class='ocrx_word' id='word_1_44' title='bbox 292 527 509 583; x_wconf 85' lang='lat' dir='ltr'>regionem</span> <span class='ocrx_word' id='word_1_45' title='bbox 558 522 830 573; x_wconf 82' lang='lat' dir='ltr'>transierunt3</span> <span class='ocrx_word' id='word_1_46' title='bbox 911 525 1080 561; x_wconf 82' lang='lat' dir='ltr'>utantes</span> <span class='ocrx_word' id='word_1_47' title='bbox 1127 518 1272 575; x_wconf 84' lang='lat' dir='ltr'>itaque</span> <span class='ocrx_word' id='word_1_48' title='bbox 1315 532 1450 575; x_wconf 87' lang='lat' dir='ltr'>equos</span> <span class='ocrx_word' id='word_1_49' title='bbox 1492 531 1670 577; x_wconf 77' lang='lat' dir='ltr'>seseque</span> <span class='ocrx_word' id='word_1_50' title='bbox 1713 516 1804 570; x_wconf 44' lang='lat' dir='ltr'>siti&#39;s</span> <span class='ocrx_word' id='word_1_51' title='bbox 1837 562 1838 566; x_wconf 65' lang='grc'>,</span> 
     </span>
     <span class='ocr_line' id='line_1_10' title="bbox 323 534 1804 634; baseline -0.005 -10"><span class='ocrx_word' id='word_1_52' title='bbox 323 582 513 633; x_wconf 88' lang='lat' dir='ltr'>erituros,</span> <span class='ocrx_word' id='word_1_53' title='bbox 542 577 725 634; x_wconf 81' lang='lat' dir='ltr'>preduce</span> <span class='ocrx_word' id='word_1_54' title='bbox 754 574 836 617; x_wconf 82' lang='lat' dir='ltr'>sibi</span> <span class='ocrx_word' id='word_1_55' title='bbox 866 534 920 617; x_wconf 56' lang='lat' dir='ltr'>aii&gt;</span> <span class='ocrx_word' id='word_1_56' title='bbox 949 574 1135 630; x_wconf 90' lang='lat' dir='ltr'>Hugone</span> <span class='ocrx_word' id='word_1_57' title='bbox 1166 588 1370 617; x_wconf 87' lang='lat' dir='ltr'>concesso</span> <span class='ocrx_word' id='word_1_58' title='bbox 1393 581 1530 618; x_wconf 86' lang='lat' dir='ltr'>morte</span> <span class='ocrx_word' id='word_1_59' title='bbox 1549 581 1673 618; x_wconf 72' lang='lat' dir='ltr'>tenus</span> <span class='ocrx_word' id='word_1_60' title='bbox 1690 587 1804 617; x_wconf 79' lang='lat' dir='ltr'>ver-</span> 
     </span>
     <span class='ocr_line' id='line_1_11' title="bbox 323 630 1800 689; baseline -0.005 -9"><span class='ocrx_word' id='word_1_61' title='bbox 323 643 451 688; x_wconf 85' lang='lat' dir='ltr'>erato,</span> <span class='ocrx_word' id='word_1_62' title='bbox 481 633 673 677; x_wconf 87' lang='lat' dir='ltr'>celeriori</span> <span class='ocrx_word' id='word_1_63' title='bbox 703 646 832 689; x_wconf 89' lang='lat' dir='ltr'>quam</span> <span class='ocrx_word' id='word_1_64' title='bbox 861 630 1028 673; x_wconf 87' lang='lat' dir='ltr'>abirent</span> <span class='ocrx_word' id='word_1_65' title='bbox 1056 630 1220 687; x_wconf 90' lang='lat' dir='ltr'>impetu</span> <span class='ocrx_word' id='word_1_66' title='bbox 1249 636 1559 673; x_wconf 82' lang='lat' dir='ltr'>revertuntur1.</span> <span class='ocrx_word' id='word_1_67' title='bbox 1798 683 1800 686; x_wconf 11' lang='lat' dir='ltr'>y</span> 
     </span>
     <span class='ocr_line' id='line_1_12' title="bbox 405 684 1838 744; baseline -0.003 -11"><span class='ocrx_word' id='word_1_68' title='bbox 405 693 471 734; x_wconf 81' lang='lat'>20.</span> <span class='ocrx_word' id='word_1_69' title='bbox 515 689 612 731; x_wconf 91' lang='lat' dir='ltr'>Hac</span> <span class='ocrx_word' id='word_1_70' title='bbox 641 689 771 731; x_wconf 87' lang='lat' dir='ltr'>ctiam</span> <span class='ocrx_word' id='word_1_71' title='bbox 800 686 950 729; x_wconf 86' lang='lat' dir='ltr'>eadem</span> <span class='ocrx_word' id='word_1_72' title='bbox 979 693 1232 743; x_wconf 80' lang='lat' dir='ltr'>tempestate</span> <span class='ocrx_word' id='word_1_73' title='bbox 1268 685 1383 729; x_wconf 88' lang='lat' dir='ltr'>idem</span> <span class='ocrx_word' id='word_1_74' title='bbox 1415 701 1496 730; x_wconf 86' lang='lat' dir='ltr'>rex</span> <span class='ocrx_word' id='word_1_75' title='bbox 1523 685 1656 744; x_wconf 85' lang='lat' dir='ltr'>Hugo</span> <span class='ocrx_word' id='word_1_76' title='bbox 1683 684 1806 736; x_wconf 71' lang='lat' dir='ltr'>Ber-&#39;j</span> <span class='ocrx_word' id='word_1_77' title='bbox 1837 710 1838 724; x_wconf 63' lang='lat'><em>2</em></span> 
     </span>
     <span class='ocr_line' id='line_1_13' title="bbox 292 741 1838 800; baseline -0.004 -9"><span class='ocrx_word' id='word_1_78' title='bbox 292 756 379 792; x_wconf 85' lang='lat' dir='ltr'>tam</span> <span class='ocrx_word' id='word_1_79' title='bbox 410 746 538 789; x_wconf 87' lang='lat' dir='ltr'>filiam</span> <span class='ocrx_word' id='word_1_80' title='bbox 569 759 704 799; x_wconf 84' lang='lat' dir='ltr'>suam,</span> <span class='ocrx_word' id='word_1_81' title='bbox 744 757 872 800; x_wconf 89' lang='lat' dir='ltr'>quam</span> <span class='ocrx_word' id='word_1_82' title='bbox 906 757 961 785; x_wconf 87' lang='lat' dir='ltr'>ex</span> <span class='ocrx_word' id='word_1_83' title='bbox 997 742 1219 785; x_wconf 83' lang='lat' dir='ltr'>meretrice</span> <span class='ocrx_word' id='word_1_84' title='bbox 1254 741 1410 785; x_wconf 83' lang='lat' dir='ltr'>Pezola</span> <span class='ocrx_word' id='word_1_85' title='bbox 1444 743 1537 800; x_wconf 88' lang='lat' dir='ltr'>ipse</span> <span class='ocrx_word' id='word_1_86' title='bbox 1565 747 1786 799; x_wconf 78' lang='lat' dir='ltr'>genuerat,</span> <span class='ocrx_word' id='word_1_87' title='bbox 1798 767 1803 792; x_wconf 70' lang='grc'>,</span> <span class='ocrx_word' id='word_1_88' title='bbox 1837 752 1838 789; x_wconf 77' lang='lat' dir='ltr'><strong>j</strong></span> 
     </span>
     <span class='ocr_line' id='line_1_14' title="bbox 325 796 1838 858; baseline -0.003 -12"><span class='ocrx_word' id='word_1_89' title='bbox 325 821 370 847; x_wconf 85' lang='lat' dir='ltr'>er</span> <span class='ocrx_word' id='word_1_90' title='bbox 399 801 680 858; x_wconf 87' lang='lat' dir='ltr'>Sigefredum,</span> <span class='ocrx_word' id='word_1_91' title='bbox 709 797 997 842; x_wconf 88' lang='lat' dir='ltr'>venerabilem</span> <span class='ocrx_word' id='word_1_92' title='bbox 1025 798 1271 840; x_wconf 81' lang='lat' dir='ltr'>Parmensis</span> <span class='ocrx_word' id='word_1_93' title='bbox 1307 798 1513 842; x_wconf 80' lang='lat' dir='ltr'>aeclesiae</span> <span class='ocrx_word' id='word_1_94' title='bbox 1540 798 1787 852; x_wconf 75' lang='lat' dir='ltr'>antistitem,</span> <span class='ocrx_word' id='word_1_95' title='bbox 1798 848 1800 850; x_wconf 44' lang='grc'><strong>,</strong></span> <span class='ocrx_word' id='word_1_96' title='bbox 1836 796 1838 856; x_wconf 57' lang='lat' dir='ltr'><strong>j</strong></span> 
     </span>
     <span class='ocr_line' id='line_1_15' title="bbox 334 853 1838 919; baseline -0.004 -17"><span class='ocrx_word' id='word_1_97' title='bbox 334 859 573 902; x_wconf 85' lang='lat' dir='ltr'>onstantino</span> <span class='ocrx_word' id='word_1_98' title='bbox 608 856 707 899; x_wconf 92' lang='lat' dir='ltr'>olim</span> <span class='ocrx_word' id='word_1_99' title='bbox 737 855 905 909; x_wconf 82' lang='lat' dir='ltr'>direxit,</span> <span class='ocrx_word' id='word_1_100' title='bbox 935 854 1129 896; x_wconf 78' lang='lat' dir='ltr'>Romano</span> <span class='ocrx_word' id='word_1_101' title='bbox 1158 853 1345 919; x_wconf 70' lang='lat' dir='ltr'>parvulo</span> <span class='ocrx_word' id='word_1_102' title='bbox 1376 854 1648 898; x_wconf 76' lang='lat' dir='ltr'>Constantini</span> <span class='ocrx_word' id='word_1_103' title='bbox 1682 853 1787 897; x_wconf 86' lang='lat' dir='ltr'>Por·</span> <span class='ocrx_word' id='word_1_104' title='bbox 1799 868 1803 876; x_wconf 63' lang='lat'>²</span> <span class='ocrx_word' id='word_1_105' title='bbox 1836 871 1838 912; x_wconf 49' lang='grc' dir='ltr'>ξ</span> 
     </span>
     <span class='ocr_line' id='line_1_16' title="bbox 294 910 1838 980; baseline -0.004 -22"><span class='ocrx_word' id='word_1_106' title='bbox 294 915 565 973; x_wconf 68' lang='lat' dir='ltr'>phyrogeniti</span> <span class='ocrx_word' id='word_1_107' title='bbox 628 912 714 954; x_wconf 88' lang='lat' dir='ltr'>filio</span> <span class='ocrx_word' id='word_1_108' title='bbox 753 910 1038 980; x_wconf 67' lang='lat' dir='ltr'>copulandam</span> <span class='ocrx_word' id='word_1_109' title='bbox 1075 911 1288 967; x_wconf 79' lang='lat' dir='ltr'>coniugio.</span> <span class='ocrx_word' id='word_1_110' title='bbox 1357 910 1636 968; x_wconf 76' lang='lat' dir='ltr'>Tenebatque</span> <span class='ocrx_word' id='word_1_111' title='bbox 1674 923 1800 953; x_wconf 69' lang='lat' dir='ltr'>sum-⁵</span> <span class='ocrx_word' id='word_1_112' title='bbox 1836 913 1838 953; x_wconf 56' lang='grc' dir='ltr'><strong>ἶ</strong></span> 
     </span>
     <span class='ocr_line' id='line_1_17' title="bbox 293 965 1805 1026; baseline -0.005 -12"><span class='ocrx_word' id='word_1_113' title='bbox 293 987 412 1014; x_wconf 90' lang='lat' dir='ltr'>mum</span> <span class='ocrx_word' id='word_1_114' title='bbox 441 969 609 1026; x_wconf 90' lang='lat' dir='ltr'>imperii</span> <span class='ocrx_word' id='word_1_115' title='bbox 636 969 852 1010; x_wconf 88' lang='lat' dir='ltr'>Romanos</span> <span class='ocrx_word' id='word_1_116' title='bbox 881 967 1030 1020; x_wconf 89' lang='lat' dir='ltr'>maior,</span> <span class='ocrx_word' id='word_1_117' title='bbox 1060 966 1237 1023; x_wconf 88' lang='lat' dir='ltr'>eiusque</span> <span class='ocrx_word' id='word_1_118' title='bbox 1265 965 1342 1008; x_wconf 88' lang='lat' dir='ltr'>filii</span> <span class='ocrx_word' id='word_1_119' title='bbox 1371 966 1456 1010; x_wconf 91' lang='lat' dir='ltr'>duo</span> <span class='ocrx_word' id='word_1_120' title='bbox 1481 965 1805 1011; x_wconf 73' lang='lat' dir='ltr'>Constantinus.</span> 
     </span>
     <span class='ocr_line' id='line_1_18' title="bbox 294 1021 1809 1084; baseline -0.005 -13"><span class='ocrx_word' id='word_1_121' title='bbox 294 1036 337 1071; x_wconf 86' lang='lat' dir='ltr'>et</span> <span class='ocrx_word' id='word_1_122' title='bbox 366 1026 622 1084; x_wconf 86' lang='lat' dir='ltr'>Stephanus,</span> <span class='ocrx_word' id='word_1_123' title='bbox 654 1022 810 1081; x_wconf 87' lang='lat' dir='ltr'>quibus</span> <span class='ocrx_word' id='word_1_124' title='bbox 839 1029 939 1079; x_wconf 90' lang='lat' dir='ltr'>post</span> <span class='ocrx_word' id='word_1_125' title='bbox 966 1022 1190 1065; x_wconf 78' lang='lat' dir='ltr'>Romanon</span> <span class='ocrx_word' id='word_1_126' title='bbox 1219 1021 1440 1080; x_wconf 78' lang='lat' dir='ltr'>prestabat</span> <span class='ocrx_word' id='word_1_127' title='bbox 1467 1021 1809 1077; x_wconf 54' lang='lat' dir='ltr'>Constantium?</span> 
     </span>
     <span class='ocr_line' id='line_1_19' title="bbox 293 1077 1810 1138; baseline -0.004 -12"><span class='ocrx_word' id='word_1_128' title='bbox 293 1084 449 1127; x_wconf 89' lang='lat' dir='ltr'>Leonis</span> <span class='ocrx_word' id='word_1_129' title='bbox 478 1080 744 1138; x_wconf 88' lang='lat' dir='ltr'>imperatoris</span> <span class='ocrx_word' id='word_1_130' title='bbox 772 1078 922 1132; x_wconf 68' lang='lat' dir='ltr'>filiusc,</span> <span class='ocrx_word' id='word_1_131' title='bbox 961 1079 1084 1121; x_wconf 88' lang='lat' dir='ltr'>cuius</span> <span class='ocrx_word' id='word_1_132' title='bbox 1120 1078 1327 1135; x_wconf 86' lang='lat' dir='ltr'>parvulus</span> <span class='ocrx_word' id='word_1_133' title='bbox 1366 1086 1450 1122; x_wconf 73' lang='lat' dir='ltr'>ex⁶</span> <span class='ocrx_word' id='word_1_134' title='bbox 1486 1077 1667 1134; x_wconf 77' lang='lat' dir='ltr'>Helena,</span> <span class='ocrx_word' id='word_1_135' title='bbox 1705 1077 1810 1129; x_wconf 41' lang='lat' dir='ltr'>Ro&lt;</span> 
     </span>
     <span class='ocr_line' id='line_1_20' title="bbox 297 1133 1811 1191; baseline -0.003 -9"><span class='ocrx_word' id='word_1_136' title='bbox 297 1140 411 1182; x_wconf 90' lang='lat' dir='ltr'>mani</span> <span class='ocrx_word' id='word_1_137' title='bbox 439 1137 638 1180; x_wconf 72' lang='lat' dir='ltr'>maiorisc</span> <span class='ocrx_word' id='word_1_138' title='bbox 677 1135 943 1191; x_wconf 87' lang='lat' dir='ltr'>imperatoris</span> <span class='ocrx_word' id='word_1_139' title='bbox 971 1134 1072 1188; x_wconf 85' lang='lat' dir='ltr'>filia,</span> <span class='ocrx_word' id='word_1_140' title='bbox 1106 1141 1230 1177; x_wconf 85' lang='lat' dir='ltr'>natus</span> <span class='ocrx_word' id='word_1_141' title='bbox 1266 1135 1352 1176; x_wconf 85' lang='lat' dir='ltr'>iam</span> <span class='ocrx_word' id='word_1_142' title='bbox 1386 1135 1648 1179; x_wconf 77' lang='lat' dir='ltr'>nominatam</span> <span class='ocrx_word' id='word_1_143' title='bbox 1683 1133 1811 1178; x_wconf 82' lang='lat' dir='ltr'>Ber-</span> 
     </span>
     <span class='ocr_line' id='line_1_21' title="bbox 294 1190 1800 1251; baseline -0.004 -13"><span class='ocrx_word' id='word_1_144' title='bbox 294 1202 395 1249; x_wconf 88' lang='lat' dir='ltr'>tam,</span> <span class='ocrx_word' id='word_1_145' title='bbox 426 1208 555 1251; x_wconf 90' lang='lat' dir='ltr'>quam</span> <span class='ocrx_word' id='word_1_146' title='bbox 584 1198 746 1235; x_wconf 86' lang='lat' dir='ltr'>mutato</span> <span class='ocrx_word' id='word_1_147' title='bbox 775 1191 946 1233; x_wconf 90' lang='lat' dir='ltr'>nomine</span> <span class='ocrx_word' id='word_1_148' title='bbox 968 1190 1098 1233; x_wconf 81' lang='lat' dir='ltr'>Greci</span> <span class='ocrx_word' id='word_1_149' title='bbox 1118 1190 1317 1233; x_wconf 83' lang='lat' dir='ltr'>dixerant</span> <span class='ocrx_word' id='word_1_150' title='bbox 1333 1190 1579 1247; x_wconf 79' lang='lat' dir='ltr'>Eudokian,</span> <span class='ocrx_word' id='word_1_151' title='bbox 1606 1202 1800 1233; x_wconf 81' lang='lat' dir='ltr'>uxorem</span> 
     </span>
     <span class='ocr_line' id='line_1_22' title="bbox 295 1245 1821 1305; baseline -0.003 -11"><span class='ocrx_word' id='word_1_152' title='bbox 295 1252 476 1294; x_wconf 86' lang='lat' dir='ltr'>duxerat</span> <span class='ocrx_word' id='word_1_153' title='bbox 484 1258 512 1291; x_wconf 85' lang='lat'>².</span> <span class='ocrx_word' id='word_1_154' title='bbox 570 1248 652 1290; x_wconf 88' lang='lat' dir='ltr'>His</span> <span class='ocrx_word' id='word_1_155' title='bbox 671 1248 815 1303; x_wconf 87' lang='lat' dir='ltr'>itaque</span> <span class='ocrx_word' id='word_1_156' title='bbox 837 1252 1037 1303; x_wconf 83' lang='lat' dir='ltr'>quattuor</span> <span class='ocrx_word' id='word_1_157' title='bbox 1054 1246 1114 1287; x_wconf 90' lang='lat' dir='ltr'>im</span> <span class='ocrx_word' id='word_1_158' title='bbox 1147 1247 1377 1301; x_wconf 87' lang='lat' dir='ltr'>erantibus,</span> <span class='ocrx_word' id='word_1_159' title='bbox 1398 1245 1642 1305; x_wconf 73' lang='lat' dir='ltr'>Stephanus</span> <span class='ocrx_word' id='word_1_160' title='bbox 1659 1252 1821 1304; x_wconf 67' lang='lat' dir='ltr'>atquo,</span> 
     </span>
     <span class='ocr_line' id='line_1_23' title="bbox 297 1302 1786 1360; baseline -0.002 -10"><span class='ocrx_word' id='word_1_161' title='bbox 297 1306 602 1350; x_wconf 86' lang='lat' dir='ltr'>Constantinus</span> <span class='ocrx_word' id='word_1_162' title='bbox 637 1303 799 1356; x_wconf 85' lang='lat' dir='ltr'>fratres,</span> <span class='ocrx_word' id='word_1_163' title='bbox 838 1304 1059 1359; x_wconf 84' lang='lat' dir='ltr'>ignorante</span> <span class='ocrx_word' id='word_1_164' title='bbox 1134 1303 1375 1348; x_wconf 87' lang='lat' dir='ltr'>onstantino</span> <span class='ocrx_word' id='word_1_165' title='bbox 1407 1302 1566 1346; x_wconf 86' lang='lat' dir='ltr'>Leonis</span> <span class='ocrx_word' id='word_1_166' title='bbox 1602 1302 1815 1360; x_wconf 75' lang='lat' dir='ltr'>impera·</span> 
     </span>
     <span class='ocr_line' id='line_1_24' title="bbox 294 1358 1632 1418; baseline -0.001 -13"><span class='ocrx_word' id='word_1_167' title='bbox 294 1364 397 1405; x_wconf 91' lang='lat' dir='ltr'>toris</span> <span class='ocrx_word' id='word_1_168' title='bbox 427 1361 527 1414; x_wconf 86' lang='lat' dir='ltr'>filio,</span> <span class='ocrx_word' id='word_1_169' title='bbox 571 1359 775 1402; x_wconf 87' lang='lat' dir='ltr'>adversus</span> <span class='ocrx_word' id='word_1_170' title='bbox 804 1358 1029 1400; x_wconf 76' lang='lat' dir='ltr'>Romanon</span> <span class='ocrx_word' id='word_1_171' title='bbox 1058 1366 1224 1415; x_wconf 88' lang='lat' dir='ltr'>patrem</span> <span class='ocrx_word' id='word_1_172' title='bbox 1263 1374 1389 1402; x_wconf 88' lang='lat' dir='ltr'>suum</span> <span class='ocrx_word' id='word_1_173' title='bbox 1419 1358 1632 1418; x_wconf 77' lang='lat' dir='ltr'>quaedam</span> 
     </span>
     <span class='ocr_line' id='line_1_25' title="bbox 296 1413 1807 1473; baseline -0.002 -11"><span class='ocrx_word' id='word_1_174' title='bbox 296 1433 423 1473; x_wconf 87' lang='grc' dir='ltr'><strong>ματα,</strong></span> <span class='ocrx_word' id='word_1_175' title='bbox 454 1416 658 1468; x_wconf 85' lang='lat' dir='ltr'>sfalmata,</span> <span class='ocrx_word' id='word_1_176' title='bbox 688 1415 733 1456; x_wconf 90' lang='lat' dir='ltr'>id</span> <span class='ocrx_word' id='word_1_177' title='bbox 764 1420 827 1457; x_wconf 85' lang='lat' dir='ltr'>est</span> <span class='ocrx_word' id='word_1_178' title='bbox 854 1413 987 1467; x_wconf 87' lang='lat' dir='ltr'>dolos,</span> <span class='ocrx_word' id='word_1_179' title='bbox 1016 1415 1383 1458; x_wconf 85' lang='lat' dir='ltr'>machinabantur.</span> <span class='ocrx_word' id='word_1_180' title='bbox 1450 1414 1646 1459; x_wconf 72' lang='lat' dir='ltr'>Tedebat</span> <span class='ocrx_word' id='word_1_181' title='bbox 1673 1414 1807 1459; x_wconf 82' lang='lat' dir='ltr'>enim</span> 
     </span>
     <span class='ocr_line' id='line_1_26' title="bbox 295 1470 1801 1530; baseline -0.001 -13"><span class='ocrx_word' id='word_1_182' title='bbox 295 1489 382 1528; x_wconf 89' lang='lat' dir='ltr'>eos,</span> <span class='ocrx_word' id='word_1_183' title='bbox 411 1474 545 1530; x_wconf 87' lang='lat' dir='ltr'>patris</span> <span class='ocrx_word' id='word_1_184' title='bbox 575 1471 797 1514; x_wconf 85' lang='lat' dir='ltr'>severitate</span> <span class='ocrx_word' id='word_1_185' title='bbox 826 1471 1027 1527; x_wconf 89' lang='lat' dir='ltr'>imposita</span> <span class='ocrx_word' id='word_1_186' title='bbox 1047 1485 1342 1528; x_wconf 89' lang='lat' dir='ltr'>quaecumque</span> <span class='ocrx_word' id='word_1_187' title='bbox 1360 1470 1521 1516; x_wconf 84' lang='lat' dir='ltr'>vellent</span> <span class='ocrx_word' id='word_1_188' title='bbox 1536 1471 1679 1515; x_wconf 78' lang='lat' dir='ltr'>facere</span> <span class='ocrx_word' id='word_1_189' title='bbox 1699 1485 1801 1515; x_wconf 58' lang='lat' dir='ltr'>non&lt;</span> 
     </span>
     <span class='ocr_line' id='line_1_27' title="bbox 293 1525 1809 1585; baseline -0.001 -12"><span class='ocrx_word' id='word_1_190' title='bbox 293 1531 435 1573; x_wconf 87' lang='lat' dir='ltr'>licere.</span> <span class='ocrx_word' id='word_1_191' title='bbox 492 1527 619 1572; x_wconf 89' lang='lat' dir='ltr'>Unde</span> <span class='ocrx_word' id='word_1_192' title='bbox 649 1534 691 1569; x_wconf 90' lang='lat' dir='ltr'>et</span> <span class='ocrx_word' id='word_1_193' title='bbox 717 1525 829 1568; x_wconf 89' lang='lat' dir='ltr'>malo</span> <span class='ocrx_word' id='word_1_194' title='bbox 858 1541 962 1569; x_wconf 87' lang='lat' dir='ltr'>mox</span> <span class='ocrx_word' id='word_1_195' title='bbox 981 1533 1159 1583; x_wconf 90' lang='lat' dir='ltr'>accepto</span> <span class='ocrx_word' id='word_1_196' title='bbox 1180 1526 1371 1579; x_wconf 88' lang='lat' dir='ltr'>consilio,</span> <span class='ocrx_word' id='word_1_197' title='bbox 1403 1528 1604 1585; x_wconf 81' lang='lat' dir='ltr'>quatinus</span> <span class='ocrx_word' id='word_1_198' title='bbox 1621 1532 1809 1585; x_wconf 43' lang='lat' dir='ltr'>patrem}</span> 
     </span>
     <span class='ocr_line' id='line_1_28' title="bbox 294 1584 1808 1640; baseline -0.015 -10"><span class='ocrx_word' id='word_1_199' title='bbox 294 1586 522 1640; x_wconf 84' lang='lat' dir='ltr'>deicerent,</span> <span class='ocrx_word' id='word_1_200' title='bbox 550 1584 878 1639; x_wconf 86' lang='lat' dir='ltr'>pertractabant.</span> <span class='ocrx_word' id='word_1_201' title='bbox 1800 1605 1808 1637; x_wconf 66' lang='lat'><em>2</em></span> 
     </span>
     <span class='ocr_line' id='line_1_29' title="bbox 406 1638 1789 1697; baseline -0.001 -12"><span class='ocrx_word' id='word_1_202' title='bbox 406 1642 474 1685; x_wconf 81' lang='lat'>21.</span> <span class='ocrx_word' id='word_1_203' title='bbox 534 1639 813 1684; x_wconf 87' lang='lat' dir='ltr'>Constantino</span> <span class='ocrx_word' id='word_1_204' title='bbox 848 1638 1052 1681; x_wconf 86' lang='lat' dir='ltr'>olitanum</span> <span class='ocrx_word' id='word_1_205' title='bbox 1105 1638 1312 1695; x_wconf 83' lang='lat' dir='ltr'>palatium</span> <span class='ocrx_word' id='word_1_206' title='bbox 1365 1653 1453 1682; x_wconf 90' lang='lat' dir='ltr'>non</span> <span class='ocrx_word' id='word_1_207' title='bbox 1497 1638 1828 1697; x_wconf 82' lang='lat' dir='ltr'>pulcritudine</span> 
     </span>
     <span class='ocr_line' id='line_1_30' title="bbox 295 1695 1819 1762; baseline -0.002 -22"><span class='ocrx_word' id='word_1_208' title='bbox 295 1697 445 1751; x_wconf 90' lang='lat' dir='ltr'>solum,</span> <span class='ocrx_word' id='word_1_209' title='bbox 473 1711 623 1739; x_wconf 88' lang='lat' dir='ltr'>verum</span> <span class='ocrx_word' id='word_1_210' title='bbox 654 1696 781 1738; x_wconf 88' lang='lat' dir='ltr'>etiam</span> <span class='ocrx_word' id='word_1_211' title='bbox 828 1695 1057 1738; x_wconf 87' lang='lat' dir='ltr'>ortitudine</span> <span class='ocrx_word' id='word_1_212' title='bbox 1087 1695 1299 1750; x_wconf 90' lang='lat' dir='ltr'>omnibus,</span> <span class='ocrx_word' id='word_1_213' title='bbox 1329 1709 1436 1761; x_wconf 84' lang='lat' dir='ltr'>quas</span> <span class='ocrx_word' id='word_1_214' title='bbox 1463 1709 1670 1762; x_wconf 75' lang='lat' dir='ltr'>umquam</span> <span class='ocrx_word' id='word_1_215' title='bbox 1693 1699 1819 1753; x_wconf 62' lang='lat' dir='ltr'>per-:4</span> 
     </span>
     <span class='ocr_line' id='line_1_31' title="bbox 294 1750 1806 1811; baseline -0.001 -15"><span class='ocrx_word' id='word_1_216' title='bbox 294 1754 522 1811; x_wconf 88' lang='lat' dir='ltr'>spexerim,</span> <span class='ocrx_word' id='word_1_217' title='bbox 566 1750 872 1793; x_wconf 87' lang='lat' dir='ltr'>munitionibus</span> <span class='ocrx_word' id='word_1_218' title='bbox 946 1757 1089 1805; x_wconf 85' lang='lat' dir='ltr'>restat,</span> <span class='ocrx_word' id='word_1_219' title='bbox 1139 1751 1255 1808; x_wconf 90' lang='lat' dir='ltr'>quod</span> <span class='ocrx_word' id='word_1_220' title='bbox 1282 1758 1430 1795; x_wconf 74' lang='lat' dir='ltr'>&#39;etlam</span> <span class='ocrx_word' id='word_1_221' title='bbox 1471 1752 1564 1808; x_wconf 70' lang='lat' dir='ltr'>iugi</span> <span class='ocrx_word' id='word_1_222' title='bbox 1604 1750 1806 1796; x_wconf 81' lang='lat' dir='ltr'>militum</span> 
     </span>
     <span class='ocr_line' id='line_1_32' title="bbox 294 1806 1810 1866; baseline -0.001 -13"><span class='ocrx_word' id='word_1_223' title='bbox 294 1810 519 1866; x_wconf 86' lang='lat' dir='ltr'>stipatione</span> <span class='ocrx_word' id='word_1_224' title='bbox 555 1822 643 1850; x_wconf 91' lang='lat' dir='ltr'>non</span> <span class='ocrx_word' id='word_1_225' title='bbox 677 1807 856 1849; x_wconf 89' lang='lat' dir='ltr'>minima</span> <span class='ocrx_word' id='word_1_226' title='bbox 891 1821 916 1848; x_wconf 96' lang='lat' dir='ltr'>o</span> <span class='ocrx_word' id='word_1_227' title='bbox 950 1814 1157 1850; x_wconf 84' lang='lat' dir='ltr'>servatur.</span> <span class='ocrx_word' id='word_1_228' title='bbox 1229 1807 1363 1850; x_wconf 88' lang='lat' dir='ltr'>Moris</span> <span class='ocrx_word' id='word_1_229' title='bbox 1403 1808 1549 1865; x_wconf 75' lang='lat' dir='ltr'>itaque</span> <span class='ocrx_word' id='word_1_230' title='bbox 1590 1814 1668 1863; x_wconf 79' lang='lat' dir='ltr'>est,</span> <span class='ocrx_word' id='word_1_231' title='bbox 1705 1806 1810 1858; x_wconf 57' lang='lat' dir='ltr'>hocf</span> 
     </span>
     <span class='ocr_line' id='line_1_33' title="bbox 293 1862 1801 1923; baseline -0.001 -15"><span class='ocrx_word' id='word_1_232' title='bbox 293 1873 394 1923; x_wconf 89' lang='lat' dir='ltr'>post</span> <span class='ocrx_word' id='word_1_233' title='bbox 435 1865 691 1907; x_wconf 90' lang='lat' dir='ltr'>matutinum</span> <span class='ocrx_word' id='word_1_234' title='bbox 735 1862 1053 1919; x_wconf 88' lang='lat' dir='ltr'>crepusculum*</span> <span class='ocrx_word' id='word_1_235' title='bbox 1098 1862 1297 1906; x_wconf 90' lang='lat' dir='ltr'>omnibus</span> <span class='ocrx_word' id='word_1_236' title='bbox 1340 1878 1445 1906; x_wconf 83' lang='lat' dir='ltr'>mox</span> <span class='ocrx_word' id='word_1_237' title='bbox 1485 1869 1647 1921; x_wconf 80' lang='lat' dir='ltr'>patere,</span> <span class='ocrx_word' id='word_1_238' title='bbox 1688 1869 1801 1922; x_wconf 73' lang='lat' dir='ltr'>post</span> 
     </span>
     <span class='ocr_line' id='line_1_34' title="bbox 293 1919 1806 1977; baseline -0.001 -12"><span class='ocrx_word' id='word_1_239' title='bbox 293 1922 462 1965; x_wconf 86' lang='lat' dir='ltr'>tertiam</span> <span class='ocrx_word' id='word_1_240' title='bbox 490 1934 592 1963; x_wconf 87' lang='lat' dir='ltr'>vero</span> <span class='ocrx_word' id='word_1_241' title='bbox 621 1919 707 1962; x_wconf 88' lang='lat' dir='ltr'>diei</span> <span class='ocrx_word' id='word_1_242' title='bbox 733 1919 884 1961; x_wconf 90' lang='lat' dir='ltr'>horam</span> <span class='ocrx_word' id='word_1_243' title='bbox 921 1920 1087 1963; x_wconf 83' lang='lat' dir='ltr'>emissis</span> <span class='ocrx_word' id='word_1_244' title='bbox 1127 1920 1324 1963; x_wconf 84' lang='lat' dir='ltr'>omnibus</span> <span class='ocrx_word' id='word_1_245' title='bbox 1360 1919 1460 1963; x_wconf 80' lang='lat' dir='ltr'>dato</span> <span class='ocrx_word' id='word_1_246' title='bbox 1500 1920 1638 1977; x_wconf 86' lang='lat' dir='ltr'>signo,</span> <span class='ocrx_word' id='word_1_247' title='bbox 1672 1919 1806 1977; x_wconf 79' lang='lat' dir='ltr'>quod</span> 
     </span>
     <span class='ocr_line' id='line_1_35' title="bbox 294 1975 1808 2033; baseline -0.001 -12"><span class='ocrx_word' id='word_1_248' title='bbox 294 1984 358 2021; x_wconf 89' lang='lat' dir='ltr'>est</span> <span class='ocrx_word' id='word_1_249' title='bbox 385 1979 483 2031; x_wconf 73' lang='lat' dir='ltr'>mis,</span> <span class='ocrx_word' id='word_1_250' title='bbox 527 1991 663 2032; x_wconf 89' lang='lat' dir='ltr'>usque</span> <span class='ocrx_word' id='word_1_251' title='bbox 691 1975 738 2016; x_wconf 92' lang='lat' dir='ltr'>in</span> <span class='ocrx_word' id='word_1_252' title='bbox 764 1975 913 2017; x_wconf 87' lang='lat' dir='ltr'>horam</span> <span class='ocrx_word' id='word_1_253' title='bbox 942 1989 1099 2017; x_wconf 90' lang='lat' dir='ltr'>nonam</span> <span class='ocrx_word' id='word_1_254' title='bbox 1129 1977 1296 2019; x_wconf 88' lang='lat' dir='ltr'>cunctis</span> <span class='ocrx_word' id='word_1_255' title='bbox 1323 1976 1488 2019; x_wconf 84' lang='lat' dir='ltr'>aditum</span> <span class='ocrx_word' id='word_1_256' title='bbox 1515 1975 1744 2033; x_wconf 83' lang='lat' dir='ltr'>prohibere</span> <span class='ocrx_word' id='word_1_257' title='bbox 1755 1981 1808 2029; x_wconf 63' lang='grc' dir='ltr'>’.ζ’</span> 
     </span>
     <span class='ocr_line' id='line_1_36' title="bbox 292 2030 1801 2089; baseline -0.001 -13"><span class='ocrx_word' id='word_1_258' title='bbox 292 2034 346 2076; x_wconf 88' lang='lat' dir='ltr'>In</span> <span class='ocrx_word' id='word_1_259' title='bbox 372 2033 455 2075; x_wconf 91' lang='lat' dir='ltr'>hoc</span> <span class='ocrx_word' id='word_1_260' title='bbox 483 2033 615 2089; x_wconf 88' lang='lat' dir='ltr'>igitur</span> <span class='ocrx_word' id='word_1_261' title='bbox 642 2031 858 2073; x_wconf 80' lang='lat' dir='ltr'>Romanos</span> <span class='ocrx_word' id='word_1_262' title='bbox 886 2032 922 2073; x_wconf 89' lang='lat' dir='ltr'>is</span> <span class='ocrx_word' id='word_1_263' title='bbox 950 2037 994 2073; x_wconf 90' lang='lat' dir='ltr'>to</span> <span class='ocrx_word' id='word_1_264' title='bbox 1024 2030 1390 2087; x_wconf 68' lang='lat' dir='ltr'>chrysotriclinon,</span> <span class='ocrx_word' id='word_1_265' title='bbox 1428 2031 1475 2074; x_wconf 84' lang='lat' dir='ltr'>id</span> <span class='ocrx_word' id='word_1_266' title='bbox 1509 2039 1575 2075; x_wconf 85' lang='lat' dir='ltr'>est</span> <span class='ocrx_word' id='word_1_267' title='bbox 1609 2040 1801 2075; x_wconf 78' lang='lat' dir='ltr'>aureum&#39;</span> 
     </span>
     <span class='ocr_line' id='line_1_37' title="bbox 293 2087 1806 2145; baseline -0.001 -13"><span class='ocrx_word' id='word_1_268' title='bbox 293 2088 537 2142; x_wconf 83' lang='lat' dir='ltr'>triclinium,</span> <span class='ocrx_word' id='word_1_269' title='bbox 582 2101 691 2144; x_wconf 90' lang='lat' dir='ltr'>quae</span> <span class='ocrx_word' id='word_1_270' title='bbox 733 2087 989 2143; x_wconf 87' lang='lat' dir='ltr'>prestantior</span> <span class='ocrx_word' id='word_1_271' title='bbox 1030 2102 1129 2144; x_wconf 88' lang='lat' dir='ltr'>pars</span> <span class='ocrx_word' id='word_1_272' title='bbox 1167 2095 1243 2142; x_wconf 89' lang='lat' dir='ltr'>est,</span> <span class='ocrx_word' id='word_1_273' title='bbox 1286 2088 1579 2145; x_wconf 83' lang='lat' dir='ltr'>potentissime</span> <span class='ocrx_word' id='word_1_274' title='bbox 1613 2087 1806 2145; x_wconf 55' lang='lat' dir='ltr'>(legonus</span> 
     </span>
     <span class='ocr_line' id='line_1_38' title="bbox 295 2142 1802 2202; baseline 0 -14"><span class='ocrx_word' id='word_1_275' title='bbox 295 2151 483 2188; x_wconf 81' lang='lat' dir='ltr'>caeteras</span> <span class='ocrx_word' id='word_1_276' title='bbox 511 2142 657 2200; x_wconf 85' lang='lat' dir='ltr'>palatii</span> <span class='ocrx_word' id='word_1_277' title='bbox 685 2149 829 2200; x_wconf 88' lang='lat' dir='ltr'>partes</span> <span class='ocrx_word' id='word_1_278' title='bbox 857 2157 1016 2199; x_wconf 89' lang='lat' dir='ltr'>genero</span> <span class='ocrx_word' id='word_1_279' title='bbox 1047 2143 1328 2187; x_wconf 84' lang='lat' dir='ltr'>Constantino</span> <span class='ocrx_word' id='word_1_280' title='bbox 1361 2143 1547 2202; x_wconf 82' lang='lat' dir='ltr'>filiisque</span> <span class='ocrx_word' id='word_1_281' title='bbox 1574 2145 1665 2188; x_wconf 75' lang='lat' dir='ltr'>suis</span> <span class='ocrx_word' id='word_1_282' title='bbox 1694 2143 1802 2196; x_wconf 65' lang='lat' dir='ltr'>Sto-1</span> 
     </span>
     <span class='ocr_line' id='line_1_39' title="bbox 293 2198 1811 2258; baseline 0.001 -16"><span class='ocrx_word' id='word_1_283' title='bbox 293 2200 436 2258; x_wconf 89' lang='lat' dir='ltr'>phano</span> <span class='ocrx_word' id='word_1_284' title='bbox 485 2207 528 2241; x_wconf 89' lang='lat' dir='ltr'>et</span> <span class='ocrx_word' id='word_1_285' title='bbox 575 2199 853 2242; x_wconf 86' lang='lat' dir='ltr'>Constantino</span> <span class='ocrx_word' id='word_1_286' title='bbox 902 2198 1190 2242; x_wconf 84' lang='lat' dir='ltr'>distribuerat.</span> <span class='ocrx_word' id='word_1_287' title='bbox 1266 2199 1326 2241; x_wconf 91' lang='lat' dir='ltr'>Hi</span> <span class='ocrx_word' id='word_1_288' title='bbox 1370 2200 1455 2243; x_wconf 91' lang='lat' dir='ltr'>duo</span> <span class='ocrx_word' id='word_1_289' title='bbox 1499 2199 1699 2258; x_wconf 84' lang='lat' dir='ltr'>denique,</span> <span class='ocrx_word' id='word_1_290' title='bbox 1739 2205 1811 2253; x_wconf 65' lang='lat' dir='ltr'>ut‘j‘</span> 
     </span>
     <span class='ocr_line' id='line_1_40' title="bbox 294 2254 1802 2313; baseline 0.001 -15"><span class='ocrx_word' id='word_1_291' title='bbox 294 2254 573 2313; x_wconf 86' lang='lat' dir='ltr'>prediximus,</span> <span class='ocrx_word' id='word_1_292' title='bbox 602 2269 687 2296; x_wconf 89' lang='lat' dir='ltr'>non</span> <span class='ocrx_word' id='word_1_293' title='bbox 714 2255 897 2297; x_wconf 88' lang='lat' dir='ltr'>ferentes</span> <span class='ocrx_word' id='word_1_294' title='bbox 925 2256 1060 2311; x_wconf 88' lang='lat' dir='ltr'>patris</span> <span class='ocrx_word' id='word_1_295' title='bbox 1084 2256 1240 2299; x_wconf 87' lang='lat' dir='ltr'>iustam</span> <span class='ocrx_word' id='word_1_296' title='bbox 1261 2257 1545 2311; x_wconf 81' lang='lat' dir='ltr'>severitatem,</span> <span class='ocrx_word' id='word_1_297' title='bbox 1571 2257 1619 2299; x_wconf 88' lang='lat' dir='ltr'>in</span> <span class='ocrx_word' id='word_1_298' title='bbox 1637 2269 1802 2300; x_wconf 84' lang='lat' dir='ltr'>eorum</span> 
     </span>
     <span class='ocr_line' id='line_1_41' title="bbox 296 2310 1805 2370; baseline 0 -16"><span class='ocrx_word' id='word_1_299' title='bbox 296 2310 502 2354; x_wconf 89' lang='lat' dir='ltr'>cubiculis</span> <span class='ocrx_word' id='word_1_300' title='bbox 521 2310 665 2353; x_wconf 87' lang='lat' dir='ltr'>multis</span> <span class='ocrx_word' id='word_1_301' title='bbox 686 2324 736 2352; x_wconf 90' lang='lat' dir='ltr'>co</span> <span class='ocrx_word' id='word_1_302' title='bbox 769 2311 821 2352; x_wconf 90' lang='lat' dir='ltr'>iis</span> <span class='ocrx_word' id='word_1_303' title='bbox 841 2313 1122 2368; x_wconf 86' lang='lat' dir='ltr'>congregatis,</span> <span class='ocrx_word' id='word_1_304' title='bbox 1143 2311 1257 2355; x_wconf 89' lang='lat' dir='ltr'>diem</span> <span class='ocrx_word' id='word_1_305' title='bbox 1278 2313 1599 2366; x_wconf 87' lang='lat' dir='ltr'>constituerunt,</span> <span class='ocrx_word' id='word_1_306' title='bbox 1613 2311 1805 2370; x_wconf 75' lang='lat' dir='ltr'>quando</span> 
     </span>
     <span class='ocr_line' id='line_1_42' title="bbox 293 2366 1798 2426; baseline 0.001 -17"><span class='ocrx_word' id='word_1_307' title='bbox 293 2374 458 2424; x_wconf 86' lang='lat' dir='ltr'>patrem</span> <span class='ocrx_word' id='word_1_308' title='bbox 490 2366 657 2409; x_wconf 84' lang='lat' dir='ltr'>deicere</span> <span class='ocrx_word' id='word_1_309' title='bbox 687 2381 733 2408; x_wconf 93' lang='lat' dir='ltr'>so</span> <span class='ocrx_word' id='word_1_310' title='bbox 754 2367 851 2423; x_wconf 85' lang='lat' dir='ltr'>&#39;que</span> <span class='ocrx_word' id='word_1_311' title='bbox 880 2366 965 2423; x_wconf 87' lang='lat' dir='ltr'>ipsi</span> <span class='ocrx_word' id='word_1_312' title='bbox 1002 2374 1178 2424; x_wconf 86' lang='lat' dir='ltr'>possent</span> <span class='ocrx_word' id='word_1_313' title='bbox 1212 2383 1406 2424; x_wconf 76' lang='lat' dir='ltr'>regnare.</span> <span class='ocrx_word' id='word_1_314' title='bbox 1463 2367 1664 2426; x_wconf 81' lang='lat' dir='ltr'>Cumque</span> <span class='ocrx_word' id='word_1_315' title='bbox 1692 2366 1798 2418; x_wconf 67' lang='lat' dir='ltr'>dies]</span> 
     </span>
     <span class='ocr_line' id='line_1_43' title="bbox 294 2422 1802 2481; baseline 0.001 -16"><span class='ocrx_word' id='word_1_316' title='bbox 294 2423 515 2465; x_wconf 86' lang='lat' dir='ltr'>adveniret</span> <span class='ocrx_word' id='word_1_317' title='bbox 543 2428 700 2479; x_wconf 81' lang='lat' dir='ltr'>optata,</span> <span class='ocrx_word' id='word_1_318' title='bbox 738 2423 904 2464; x_wconf 91' lang='lat' dir='ltr'>cunctis</span> <span class='ocrx_word' id='word_1_319' title='bbox 942 2422 996 2465; x_wconf 89' lang='lat' dir='ltr'>de</span> <span class='ocrx_word' id='word_1_320' title='bbox 1030 2423 1190 2480; x_wconf 87' lang='lat' dir='ltr'>palatio</span> <span class='ocrx_word' id='word_1_321' title='bbox 1227 2425 1350 2467; x_wconf 86' lang='lat' dir='ltr'>iuxta</span> <span class='ocrx_word' id='word_1_322' title='bbox 1387 2438 1551 2468; x_wconf 88' lang='lat' dir='ltr'>morem</span> <span class='ocrx_word' id='word_1_323' title='bbox 1588 2424 1802 2481; x_wconf 60' lang='lat' dir='ltr'>egressis,</span> 
     </span>
    </p>
   </div>
   <div class='ocr_carea' id='block_1_6' title="bbox 293 2529 1792 2603">
    <p class='ocr_par' dir='ltr' id='par_1_6' title="bbox 293 2529 1798 2603">
     <span class='ocr_line' id='line_1_44' title="bbox 295 2529 1792 2567; baseline 0.001 -9"><span class='ocrx_word' id='word_1_324' title='bbox 295 2530 326 2565; x_wconf 71' lang='grc' dir='ltr'>ο.)</span> <span class='ocrx_word' id='word_1_325' title='bbox 348 2531 399 2557; x_wconf 80' lang='lat' dir='ltr'>siti</span> <span class='ocrx_word' id='word_1_326' title='bbox 424 2544 458 2550; x_wconf 89' lang='lat'>—</span> <span class='ocrx_word' id='word_1_327' title='bbox 480 2530 531 2556; x_wconf 76' lang='lat' dir='ltr'>siti</span> <span class='ocrx_word' id='word_1_328' title='bbox 559 2531 659 2556; x_wconf 69' lang='lat' dir='ltr'>desum</span> <span class='ocrx_word' id='word_1_329' title='bbox 681 2530 709 2558; x_wconf 87' lang='lat'>5.</span> <span class='ocrx_word' id='word_1_330' title='bbox 740 2531 797 2559; x_wconf 67' lang='lat'>52.</span> <span class='ocrx_word' id='word_1_331' title='bbox 877 2529 909 2564; x_wconf 88' lang='lat' dir='ltr'>b)</span> <span class='ocrx_word' id='word_1_332' title='bbox 931 2529 1183 2565; x_wconf 58' lang='lat' dir='ltr'>parphyrogeniti</span> <span class='ocrx_word' id='word_1_333' title='bbox 1206 2533 1234 2559; x_wconf 87' lang='lat'>1.</span> <span class='ocrx_word' id='word_1_334' title='bbox 1315 2530 1344 2565; x_wconf 87' lang='lat' dir='ltr'>c)</span> <span class='ocrx_word' id='word_1_335' title='bbox 1365 2532 1492 2566; x_wconf 69' lang='lat' dir='ltr'>syllabae</span> <span class='ocrx_word' id='word_1_336' title='bbox 1519 2531 1564 2566; x_wconf 70' lang='lat' dir='ltr'>nl,</span> <span class='ocrx_word' id='word_1_337' title='bbox 1589 2538 1640 2566; x_wconf 71' lang='lat' dir='ltr'>ex,</span> <span class='ocrx_word' id='word_1_338' title='bbox 1667 2538 1729 2567; x_wconf 68' lang='lat' dir='ltr'>ns,</span> <span class='ocrx_word' id='word_1_339' title='bbox 1760 2532 1768 2539; x_wconf 95' lang='grc'><em>“</em></span> <span class='ocrx_word' id='word_1_340' title='bbox 1790 2535 1792 2537; x_wconf 74' lang='grc'><strong><em>’</em></strong></span> 
     </span>
     <span class='ocr_line' id='line_1_45' title="bbox 293 2569 580 2603; baseline -0.007 -6"><span class='ocrx_word' id='word_1_341' title='bbox 293 2571 424 2603; x_wconf 69' lang='lat' dir='ltr'>mar-qino</span> <span class='ocrx_word' id='word_1_342' title='bbox 443 2569 580 2596; x_wconf 60' lang='lat' dir='ltr'>abscisae.</span> 
     </span>
    </p>
   </div>
   <div class='ocr_carea' id='block_1_7' title="bbox 295 2603 1802 2791">
    <p class='ocr_par' dir='ltr' id='par_1_7' title="bbox 295 2603 1802 2791">
     <span class='ocr_line' id='line_1_46' title="bbox 1788 2603 1796 2619; baseline 0 0"><span class='ocrx_word' id='word_1_343' title='bbox 1788 2603 1796 2619; x_wconf 63' lang='grc'><strong>4</strong></span> 
     </span>
     <span class='ocr_line' id='line_1_47' title="bbox 299 2644 1802 2692; baseline 0 -12"><span class='ocrx_word' id='word_1_344' title='bbox 299 2644 337 2689; x_wconf 87' lang='grc'>1)</span> <span class='ocrx_word' id='word_1_345' title='bbox 364 2645 421 2680; x_wconf 84' lang='lat' dir='ltr'>cf.</span> <span class='ocrx_word' id='word_1_346' title='bbox 448 2645 638 2679; x_wconf 84' lang='lat' dir='ltr'>Benedicti</span> <span class='ocrx_word' id='word_1_347' title='bbox 664 2646 784 2680; x_wconf 86' lang='lat' dir='ltr'>chron.</span> <span class='ocrx_word' id='word_1_348' title='bbox 812 2656 844 2680; x_wconf 81' lang='lat' dir='ltr'>c.</span> <span class='ocrx_word' id='word_1_349' title='bbox 871 2647 931 2680; x_wconf 87' lang='grc'>30.</span> <span class='ocrx_word' id='word_1_350' title='bbox 1026 2645 1066 2690; x_wconf 83' lang='grc'>2)</span> <span class='ocrx_word' id='word_1_351' title='bbox 1094 2646 1317 2681; x_wconf 81' lang='lat' dir='ltr'>constantin.</span> <span class='ocrx_word' id='word_1_352' title='bbox 1342 2647 1609 2692; x_wconf 72' lang='lat' dir='ltr'>Porphyrogen.</span> <span class='ocrx_word' id='word_1_353' title='bbox 1627 2645 1675 2680; x_wconf 76' lang='lat' dir='ltr'>de</span> <span class='ocrx_word' id='word_1_354' title='bbox 1691 2645 1765 2680; x_wconf 64' lang='lat' dir='ltr'>acl-1</span> <span class='ocrx_word' id='word_1_355' title='bbox 1786 2650 1802 2680; x_wconf 60' lang='lat' dir='ltr'>sp</span> 
     </span>
     <span class='ocr_line' id='line_1_48' title="bbox 295 2688 1799 2742; baseline 0.001 -14"><span class='ocrx_word' id='word_1_356' title='bbox 295 2696 381 2739; x_wconf 87' lang='lat' dir='ltr'>imp.</span> <span class='ocrx_word' id='word_1_357' title='bbox 416 2705 450 2728; x_wconf 87' lang='lat' dir='ltr'>c.</span> <span class='ocrx_word' id='word_1_358' title='bbox 473 2692 531 2726; x_wconf 67' lang='grc' dir='ltr'>Ἰ26</span> <span class='ocrx_word' id='word_1_359' title='bbox 565 2705 601 2738; x_wconf 85' lang='grc' dir='ltr'>Ρ.</span> <span class='ocrx_word' id='word_1_360' title='bbox 629 2694 718 2727; x_wconf 80' lang='lat'>118:</span> <span class='ocrx_word' id='word_1_361' title='bbox 755 2688 777 2739; x_wconf 78' lang='grc' dir='ltr'><strong>ἣ</strong></span> <span class='ocrx_word' id='word_1_362' title='bbox 813 2690 1017 2739; x_wconf 78' lang='grc' dir='ltr'><strong>ὠνομάζετο</strong></span> <span class='ocrx_word' id='word_1_363' title='bbox 1043 2692 1158 2742; x_wconf 81' lang='grc' dir='ltr'><strong>Βέρτα</strong></span> <span class='ocrx_word' id='word_1_364' title='bbox 1187 2692 1276 2729; x_wconf 82' lang='grc' dir='ltr'><strong>κατὰ</strong></span> <span class='ocrx_word' id='word_1_365' title='bbox 1315 2693 1357 2730; x_wconf 82' lang='grc' dir='ltr'>τὸ</span> <span class='ocrx_word' id='word_1_366' title='bbox 1390 2691 1509 2742; x_wconf 79' lang='grc' dir='ltr'><strong>ὄνομα</strong></span> <span class='ocrx_word' id='word_1_367' title='bbox 1539 2692 1604 2742; x_wconf 65' lang='grc' dir='ltr'>τῆς</span> <span class='ocrx_word' id='word_1_368' title='bbox 1673 2690 1688 2721; x_wconf 84' lang='grc'>·’</span> <span class='ocrx_word' id='word_1_369' title='bbox 1725 2717 1727 2720; x_wconf 96' lang='grc'>-</span> <span class='ocrx_word' id='word_1_370' title='bbox 1778 2693 1799 2729; x_wconf 57' lang='grc' dir='ltr'><em>ᾗ</em></span> 
     </span>
     <span class='ocr_line' id='line_1_49' title="bbox 297 2738 1796 2791; baseline -0.001 -14"><span class='ocrx_word' id='word_1_371' title='bbox 297 2738 408 2789; x_wconf 70' lang='grc' dir='ltr'>αῧτῆς</span> <span class='ocrx_word' id='word_1_372' title='bbox 433 2768 443 2776; x_wconf 86' lang='grc'><strong>.</strong></span> <span class='ocrx_word' id='word_1_373' title='bbox 471 2767 480 2777; x_wconf 93' lang='grc'><strong>.</strong></span> <span class='ocrx_word' id='word_1_374' title='bbox 508 2767 518 2776; x_wconf 91' lang='grc'><strong><em>.</em></strong></span> <span class='ocrx_word' id='word_1_375' title='bbox 545 2739 804 2788; x_wconf 80' lang='grc' dir='ltr'><strong>μετωνομάσθη</strong></span> <span class='ocrx_word' id='word_1_376' title='bbox 833 2741 874 2776; x_wconf 89' lang='grc' dir='ltr'>δε</span> <span class='ocrx_word' id='word_1_377' title='bbox 900 2740 1056 2777; x_wconf 72' lang='grc' dir='ltr'><strong>Εὖὸοκία</strong></span> <span class='ocrx_word' id='word_1_378' title='bbox 1085 2740 1173 2777; x_wconf 83' lang='grc' dir='ltr'><strong><em>κατὰ</em></strong></span> <span class='ocrx_word' id='word_1_379' title='bbox 1199 2740 1240 2777; x_wconf 87' lang='grc' dir='ltr'>τὸ</span> <span class='ocrx_word' id='word_1_380' title='bbox 1266 2738 1384 2791; x_wconf 66' lang='grc' dir='ltr'>ὄνομα</span> <span class='ocrx_word' id='word_1_381' title='bbox 1406 2743 1472 2790; x_wconf 82' lang='grc' dir='ltr'>τῆς</span> <span class='ocrx_word' id='word_1_382' title='bbox 1495 2753 1535 2779; x_wconf 78' lang='grc' dir='ltr'>τε</span> <span class='ocrx_word' id='word_1_383' title='bbox 1558 2740 1706 2791; x_wconf 66' lang='grc' dir='ltr'><strong>μάμμης</strong></span> <span class='ocrx_word' id='word_1_384' title='bbox 1745 2762 1762 2770; x_wconf 73' lang='lat'>·-</span> <span class='ocrx_word' id='word_1_385' title='bbox 1788 2747 1796 2776; x_wconf 71' lang='grc' dir='ltr'>ῥ’</span> 
     </span>
    </p>
   </div>
   <div class='ocr_carea' id='block_1_8' title="bbox 1824 2554 1831 2797">
    <p class='ocr_par' dir='ltr' id='par_1_8' title="bbox 1824 2554 1831 2797">
     <span class='ocr_line' id='line_1_50' title="bbox 1824 2554 1831 2797; baseline 0 413"><span class='ocrx_word' id='word_1_386' title='bbox 1824 2554 1831 2797; x_wconf 95' lang='lat' dir='ltr'> </span> 
     </span>
    </p>
   </div>
   <div class='ocr_carea' id='block_1_9' title="bbox 294 2787 1829 2947">
    <p class='ocr_par' dir='ltr' id='par_1_9' title="bbox 294 2787 1835 2947">
     <span class='ocr_line' id='line_1_51' title="bbox 296 2787 1794 2837; baseline 0.001 -12"><span class='ocrx_word' id='word_1_387' title='bbox 296 2787 456 2837; x_wconf 73' lang='grc' dir='ltr'>ἀδελφῆς</span> <span class='ocrx_word' id='word_1_388' title='bbox 482 2789 765 2834; x_wconf 78' lang='grc' dir='ltr'>Κωνσταντίνου;</span> <span class='ocrx_word' id='word_1_389' title='bbox 797 2791 1007 2836; x_wconf 81' lang='lat' dir='ltr'>Theophan.</span> <span class='ocrx_word' id='word_1_390' title='bbox 1045 2794 1176 2826; x_wconf 87' lang='lat' dir='ltr'>contin.</span> <span class='ocrx_word' id='word_1_391' title='bbox 1202 2793 1255 2826; x_wconf 88' lang='lat' dir='ltr'>VI</span> <span class='ocrx_word' id='word_1_392' title='bbox 1280 2804 1313 2828; x_wconf 82' lang='lat' dir='ltr'>c.</span> <span class='ocrx_word' id='word_1_393' title='bbox 1338 2793 1398 2826; x_wconf 77' lang='lat'>46.</span> <span class='ocrx_word' id='word_1_394' title='bbox 1497 2790 1537 2836; x_wconf 85' lang='lat'>3)</span> <span class='ocrx_word' id='word_1_395' title='bbox 1562 2791 1766 2828; x_wconf 45' lang='lat' dir='ltr'>eoum*</span> <span class='ocrx_word' id='word_1_396' title='bbox 1790 2820 1794 2832; x_wconf 71' lang='grc'>,,,</span> 
     </span>
     <span class='ocr_line' id='line_1_52' title="bbox 294 2835 1796 2887; baseline 0.002 -14"><span class='ocrx_word' id='word_1_397' title='bbox 294 2840 562 2884; x_wconf 79' lang='lat' dir='ltr'>Porphyrogon.</span> <span class='ocrx_word' id='word_1_398' title='bbox 581 2840 625 2874; x_wconf 82' lang='lat' dir='ltr'>de</span> <span class='ocrx_word' id='word_1_399' title='bbox 645 2841 766 2874; x_wconf 80' lang='lat' dir='ltr'>eerim.</span> <span class='ocrx_word' id='word_1_400' title='bbox 785 2841 888 2874; x_wconf 81' lang='lat' dir='ltr'>aulae</span> <span class='ocrx_word' id='word_1_401' title='bbox 907 2842 1058 2884; x_wconf 82' lang='lat' dir='ltr'>Byzant.</span> <span class='ocrx_word' id='word_1_402' title='bbox 1074 2842 1113 2875; x_wconf 93' lang='lat'>11</span> <span class='ocrx_word' id='word_1_403' title='bbox 1132 2852 1161 2875; x_wconf 89' lang='lat' dir='ltr'>c.</span> <span class='ocrx_word' id='word_1_404' title='bbox 1183 2842 1224 2874; x_wconf 89' lang='lat'>1:</span> <span class='ocrx_word' id='word_1_405' title='bbox 1250 2839 1378 2887; x_wconf 72' lang='grc' dir='ltr'>ἰστέον,</span> <span class='ocrx_word' id='word_1_406' title='bbox 1403 2835 1460 2875; x_wconf 81' lang='grc' dir='ltr'>ὃτι</span> <span class='ocrx_word' id='word_1_407' title='bbox 1475 2838 1512 2875; x_wconf 78' lang='grc' dir='ltr'>ἐν</span> <span class='ocrx_word' id='word_1_408' title='bbox 1526 2843 1606 2883; x_wconf 78' lang='grc' dir='ltr'><strong>ταῖς</strong></span> <span class='ocrx_word' id='word_1_409' title='bbox 1656 2857 1662 2869; x_wconf 72' lang='lat'><em>2</em></span> <span class='ocrx_word' id='word_1_410' title='bbox 1698 2836 1708 2847; x_wconf 94' lang='grc'>’</span> <span class='ocrx_word' id='word_1_411' title='bbox 1741 2856 1756 2868; x_wconf 29' lang='grc' dir='ltr'><strong>δ</strong></span> <span class='ocrx_word' id='word_1_412' title='bbox 1777 2847 1796 2875; x_wconf 75' lang='lat' dir='ltr'><strong><em>J</em></strong></span> 
     </span>
     <span class='ocr_line' id='line_1_53' title="bbox 294 2803 1829 2947; baseline 0.003 -25"><span class='ocrx_word' id='word_1_413' title='bbox 294 2883 444 2936; x_wconf 80' lang='grc' dir='ltr'>ἡμέραις</span> <span class='ocrx_word' id='word_1_414' title='bbox 469 2914 479 2922; x_wconf 95' lang='grc'><strong>.</strong></span> <span class='ocrx_word' id='word_1_415' title='bbox 506 2913 516 2922; x_wconf 93' lang='grc'><strong><em>.</em></strong></span> <span class='ocrx_word' id='word_1_416' title='bbox 544 2915 552 2924; x_wconf 89' lang='grc'><strong>.</strong></span> <span class='ocrx_word' id='word_1_417' title='bbox 580 2886 738 2923; x_wconf 82' lang='grc' dir='ltr'><strong>δὶδονται</strong></span> <span class='ocrx_word' id='word_1_418' title='bbox 765 2888 882 2934; x_wconf 79' lang='grc' dir='ltr'>μῖνσαι</span> <span class='ocrx_word' id='word_1_419' title='bbox 906 2883 1003 2936; x_wconf 81' lang='grc' dir='ltr'><strong>ὃρας</strong></span> <span class='ocrx_word' id='word_1_420' title='bbox 1028 2889 1145 2936; x_wconf 81' lang='grc' dir='ltr'><strong>τρίτης</strong></span> <span class='ocrx_word' id='word_1_421' title='bbox 1169 2888 1428 2938; x_wconf 72' lang='grc' dir='ltr'>πληρουμένης.</span> <span class='ocrx_word' id='word_1_422' title='bbox 1785 2906 1789 2908; x_wconf 59' lang='grc'>’</span> <span class='ocrx_word' id='word_1_423' title='bbox 1824 2803 1829 2947; x_wconf 67' lang='lat' dir='ltr'>l</span> 
     </span>
    </p>
   </div>
  </div>
 </body>
</html>
