1838 3210
291 195 357 226 104
506 186 808 224 LIUDPRANDI
837 184 1183 221 ANTAPODOSIS.
1234 183 1329 218 LIB.
1356 182 1399 217 V.
1452 182 1559 218 7-9.

210 318 277 345 940.
291 302 398 346 duas
426 302 465 344 ei
495 302 646 345 iterum
682 298 845 343 Sarlius
879 298 994 340 acies
1030 296 1169 350 mittit,
1208 309 1296 337 una
1328 292 1596 338 solummodo
1640 313 1764 330 uum·

291 365 462 402 retenta.
521 356 716 413 Cumque
748 354 989 407 Anscarius,
1028 353 1123 409 quis
1153 365 1326 394 suorum
1355 351 1401 392 in
1428 363 1581 417 campo
1671 370 1703 386 ιι
1730 372 1749 386 ··

292 415 421 466 beret,
452 411 576 455 vellet
605 412 829 468 inquirere,
866 423 950 451 non
990 422 1068 451 sua
1104 414 1268 451 tantum
1307 420 1435 464 quam
1474 403 1654 451 aliorum
1682 419 1786 450 san

291 470 419 528 guine
450 475 692 510 cruentatus
722 465 974 509 Wikbertus
1005 464 1043 506 ei
1074 464 1299 506 occurrit·.
1341 461 1424 506 Oui
1457 469 1499 506 et
1525 461 1606 508 ait:
1637 461 1713 505 ‘D
1736 483 1739 496 1
1764 483 1770 497 2

293 532 439 569 contra
481 538 558 566 nos
601 522 743 565 aciesb
788 519 1039 578 perpulchre
1089 519 1218 561 armis
1257 519 1489 563 instructae
1530 517 1747 563 adveniun

293 595 398 639 quas
428 587 468 623 te
497 580 638 636 potius
667 577 880 621 declinare
910 590 1038 633 quam
1068 583 1295 631 expectare
1333 575 1462 618 etiam
1491 580 1622 632 atque
1649 573 1783 621 etiam

291 651 408 692 rogo.
467 633 676 688 Arcodus,
706 642 752 677 ut
780 634 793 675 i
828 647 872 675 se
903 632 1012 675 bene
1050 631 1162 674 nosti
1201 644 1374 688 pugnae
1419 629 1546 674 huius
1574 629 1787 686 incentor,

294 691 472 750 qualiter
500 691 601 733 ausu
634 690 723 743 erit,
753 649 887 732 viges.
944 687 1041 744 Ego
1069 701 1171 730 vero
1201 687 1366 743 positus
1385 686 1430 728 in
1448 686 1666 741 exn-emis,
1693 698 1788 730 no

295 749 433 812 cogito
477 747 559 788 iam
635 762 657 789 e
701 760 859 803 pugna,
904 743 978 786 sed
1021 742 1339 785 misericordem
1381 741 1511 786 deum
1552 755 1660 808 rogo
1699 756 1731 800 p
1764 761 1790 784 ι,

294 817 447 856 amma,
491 817 544 844 ne
584 801 686 844 mihi
730 802 938 859 inputetc,
984 814 1092 856 quae
1137 798 1191 841 ob
1235 797 1506 842 dilectionem
1548 805 1613 842 tm
1667 818 1701 834 ··
1742 797 1787 811 ”’
1835 829 1837 859 3

295 858 524 901 commerui
570 858 759 911 crimina,
803 856 1022 899 hominum
1067 855 1161 897 neci
1206 853 1346 898 dando
1395 868 1577 912 corpora
1621 851 1794 899 multa’.

295 914 374 957 His
404 912 584 971 expletis
615 913 837 971 expiravit.
1793 947 1795 950 .

406 971 444 1012 8.
489 968 688 1013 Collectis
716 970 859 1025 itaque
887 966 1122 1010 Anscarius
1160 981 1266 1023 quos
1303 966 1458 1023 potuit,
1485 963 1654 1010 duabus
1681 964 1795 1024 pha-

293 1025 430 1082 langis
475 1039 712 1078 occurrens,
756 1038 827 1067 eas
870 1024 979 1067 inter
1021 1021 1277 1065 furibundus
1319 1021 1467 1066 insiliit
1511 1028 1700 1080 smgem
1730 1035 1786 1081 112

294 1083 558 1124 innumeram
598 1080 727 1124 dedit.
795 1079 950 1123 Comes
991 1078 1178 1136 quidam,
1222 1078 1356 1121 Hatto
1393 1077 1578 1135 nomine,
1617 1078 1704 1122 dua
1746 1098 1751 1112 ·

294 1136 374 1179 illis
404 1143 571 1194 preerat
598 1135 785 1190 aciebus,
817 1137 889 1193 qui
917 1135 998 1177 hac
1018 1135 1226 1177 Anscario
1258 1134 1441 1178 occurrit
1477 1132 1641 1188 fidutia,
1682 1147 1789 1192 quo-

295 1193 423 1246 niam,
469 1192 684 1235 confracta
723 1193 807 1234 iam
846 1191 1008 1245 lancea,
1054 1190 1186 1233 solam
1229 1191 1276 1232 in
1318 1204 1450 1234 manu
1489 1190 1583 1234 eius
1619 1189 1710 1235 vid
1752 1211 1756 1225 2
1825 1211 1829 1226 ¹

295 1248 472 1291 hastam.
541 1247 679 1302 Quem
715 1247 818 1290 dum
856 1247 1033 1290 intuitus
1073 1254 1186 1289 esset
1224 1246 1480 1290 Anscarius:
1538 1245 1675 1290 ‘Tune
1713 1246 1773 1290 ὁδ’
1790 1257 1796 1260 “

295 1304 401 1358 infit,
433 1304 518 1361 ‘qui
549 1311 792 1369 contempto
824 1303 961 1346 crucis
983 1310 1026 1346 et
1045 1310 1289 1345 sanctorum
1309 1303 1562 1358 iuramento,
1588 1302 1799 1362 periurus

295 1361 339 1402 in
367 1360 537 1403 nomine
566 1359 634 1403 dei
663 1366 726 1402 tui
755 1374 823 1402 me
852 1366 973 1402 tuum
1013 1357 1234 1402 dominum
1273 1357 1510 1415 deseruisti,
1543 1365 1587 1404 et
1613 1357 1670 1402 ad
1696 1355 1773 1402 vul

296 1430 394 1473 pem
427 1414 610 1458 Sarlium
640 1415 860 1472 transfuga
887 1429 938 1456 ac
968 1414 1159 1457 desertor
1187 1415 1345 1458 abisti?
1790 1443 1791 1446 =

463 1471 574 1514 Esse
603 1471 768 1528 aliquos
796 1485 944 1513 manes
975 1478 1017 1513 et
1046 1470 1322 1514 subterranea
1349 1484 1484 1528 regna
1496 1478 1526 1526 ¹,

296 1528 340 1569 in
370 1525 525 1584 quibus
554 1528 712 1592 periuri
741 1527 984 1584 puniantur,
1015 1525 1243 1570 Cocitumd
1273 1528 1401 1570 etiam
1431 1533 1476 1571 et

465 1582 600 1639 Stigm
630 1597 754 1626 ranas
783 1584 827 1625 in
856 1583 1026 1640 gurgite
1054 1584 1198 1640 nigras
1210 1590 1239 1638 ²,
1792 1611 1802 1633 3

328 1640 373 1681 ui
411 1653 546 1704 usque
585 1638 713 1682 modo
755 1639 987 1693 somniasti,
1030 1653 1077 1682 re
1111 1641 1124 1681 i
1159 1653 1206 1681 sa
1244 1653 1375 1696 quam
1412 1652 1516 1682 mox
1557 1637 1790 1697 experire’l

296 1654 417 1737 gaec
447 1693 604 1749 dicens,
634 1695 814 1749 hastam,
845 1709 974 1752 quam
1004 1696 1094 1739 sine
1141 1709 1234 1738 erro
1263 1695 1474 1752 gestabat,
1502 1709 1582 1752 per
1609 1709 1658 1738 os
1673 1692 1795 1739 illius„

296 1749 436 1793 valide
464 1751 636 1805 iaciens,
667 1751 873 1807 sanguine
904 1750 1164 1816 cerebroque
1188 1765 1427 1808 respersam
1445 1766 1525 1809 per
1543 1750 1803 1809 occipitium>

297 1805 466 1860 eduxit,
498 1821 682 1872 enseque
711 1807 938 1860 abstracto,
970 1822 1170 1864 quomam
1201 1806 1324 1851 multi
1354 1821 1485 1865 super
1502 1821 1549 1850 se
1566 1807 1758 1851 ixa-uem
1791 1847 1796 1852 .

297 1862 500 1904 dimicare
529 1870 693 1906 nav1ter
721 1863 849 1920 cepit.
910 1862 1120 1920 Cumque,
1148 1862 1275 1906 nullis
1314 1862 1397 1906 sibi
1430 1861 1796 1914 amminiculanfiae
1835 1870 1838 1915 ξ

296 1917 390 1971 bus,
422 1918 610 1960 omnium
639 1933 776 1975 poene
805 1918 990 1961 hostium
1031 1918 1146 1962 solus
1181 1920 1390 1977 impetum
1430 1918 1669 1974 sustineret,
1703 1917 1800 1962 huo·
1836 1936 1838 1944 ²

297 1972 395 2015 illuc
428 1988 480 2016 ue
511 1973 764 2029 discurrens,
795 1975 966 2031 sonipes
997 1990 1082 2033 quo
1112 1975 1350 2018 insederate
1380 1974 1488 2019 adeo
1515 1975 1563 2017 in
1590 1973 1789 2019 scrobem

298 2030 387 2071 ceci
419 2037 464 2084 1t,
508 2036 556 2072 ut
598 2029 706 2072 collo
753 2030 976 2088 supposito
1015 2030 1284 2088 pedibusque
1320 2045 1488 2074 sursum
1527 2030 1691 2086 erectis,
1734 2044 1805 2075 eo

298 2099 434 2141 usque
462 2099 591 2143 super
617 2086 875 2128 Anscarium
904 2087 1076 2142 iaceret,
1114 2087 1249 2130 donec
1286 2087 1342 2131 ab
1371 2085 1630 2131 irruentibus
1659 2085 1803 2143 hosti-7

298 2140 378 2183 bus
422 2140 592 2184 directis
635 2141 865 2185 missilibus
910 2143 1189 2189 occideretur.
1263 2143 1360 2196 Quo
1400 2150 1581 2198 mortuo,
1626 2141 1809 2186 Sarlius

298 2209 442 2239 marca
469 2211 614 2239 secure
634 2198 807 2255 potitur,
836 2207 878 2241 et
904 2214 981 2241 rex
1010 2199 1142 2256 Hugo
1172 2199 1330 2256 gaudio
1354 2199 1548 2242 inmenso
1566 2197 1791 2242 afficitur⁸.

230 2266 285 2303 (4.)
410 2251 449 2294 9.
500 2252 618 2294 Dum
657 2253 761 2296 haec
799 2261 994 2311 aguntur,
1041 2263 1242 2298 montana
1286 2254 1443 2313 quibus
1485 2255 1542 2299 ab
1585 2252 1793 2298 occidua?

167 2306 235 2334 ⁹⁴¹·
257 2313 285 2334 0·
301 2321 375 2349 seu
399 2309 715 2364 septentrionali
734 2308 858 2352 Italia
888 2311 1075 2367 cingitur
1134 2318 1236 2365 arte,
1266 2325 1292 2353 a
1323 2310 1548 2354 Saracenis
1571 2310 1791 2355 Fraxene-

298 2368 389 2404 tum
419 2363 736 2407 inhabitanibus
766 2365 1056 2409 crudelissime
1117 2381 1196 2424 epo
1228 2366 1440 2410 ulanturss.
1498 2365 1804 2421 Quamobrem?

298 2417 429 2474 Hugo
458 2433 534 2461 rex
565 2420 739 2463 consilio
769 2429 959 2479 accepto,
990 2424 1163 2466 nuntios
1193 2382 1607 2481 gonstantinopolim
1629 2422 1808 2480 dirigit,

298 2488 454 2530 rogans
498 2475 796 2533 imperatorem
840 2477 1076 2534 Romanon,
1120 2485 1168 2521 ut
1209 2494 1342 2522 naves
1387 2478 1469 2522 sibi
1513 2478 1655 2523 Greco
1692 2492 1807 2521 cum

301 2568 331 2602 ι)
351 2570 466 2596 occurit
489 2573 515 2598 1.
574 2571 606 2605 b)
623 2575 707 2599 actes
730 2574 756 2599 1.
820 2573 847 2606 c)
863 2576 983 2607 utputet
1006 2576 1032 2602 1.
1094 2574 1124 2608 d)
1140 2574 1261 2602 Coitum
1282 2583 1359 2605 corr.
1379 2576 1473 2602 eadem
1493 2582 1581 2603 nanu
1602 2575 1747 2603 coninua
1761 2575 1799 2604 λῶ

300 2608 442 2635 Gonnum
465 2611 490 2635 2.
573 2610 601 2645 e)
621 2612 815 2638 iza-adederat
838 2615 864 2639 1.
946 2613 970 2647 f)
990 2614 1141 2640 hoccidua
1161 2623 1235 2640 corr.
1258 2615 1387 2642 occidua
1408 2617 1435 2643 1.
1509 2614 1541 2650 3)
1562 2614 1810 2648 depopulantur,

299 2655 376 2674 corr.
399 2648 603 2682 depopulatur
626 2652 651 2677 1.
675 2659 729 2677 vox
749 2659 834 2677 sensu
852 2653 971 2684 passivo
992 2657 1144 2686 usurpata.
1807 2653 1809 2655 ’

303 2733 340 2778 1)
367 2735 529 2770 Iuvenal.
564 2737 639 2772 Sat.
674 2739 731 2779 11,
769 2740 850 2772 149.
953 2739 991 2782 2)
1018 2741 1179 2773 Iuvenal.
1212 2741 1237 2774 1.
1263 2741 1288 2776 1.
1317 2742 1397 2776 150.
1499 2741 1538 2785 3)
1565 2741 1621 2776 Cf.
1648 2740 1695 2775 de
1719 2740 1806 2774 ἰωὰ

299 2793 419 2827 pugna
428 2785 592 2829 Hugonis
606 2786 883 2821 destructionem
895 2790 1098 2822 monasterii
1109 2789 1289 2824 Farfensis
1305 2801 1336 2824 c.
1350 2791 1366 2822 1
1376 2791 1408 2832 1,
1420 2790 1514 2825 Ann.
1526 2789 1688 2824 Farfens.
1698 2789 1790 2823 ⁹40:
1806 2813 1811 2822 .

298 2831 490 2867 Ansearius
514 2835 672 2869 marchio
699 2836 789 2871 obiit
816 2835 895 2879 (SS.
923 2837 987 2878 XI,
1016 2838 1098 2871 537.
1134 2838 1232 2882 588).
