1838 3210
143 461 341 492 Pn.118,13·1.

226 501 272 529 91,
299 501 343 527 16.

262 1075 317 1101 933
329 1074 342 1099 ¹?

275 1413 340 1439 934.

177 1635 266 1662 881-
276 1636 341 1662 882.

266 2077 340 2111 (14.)

270 2118 338 2146 935.

1809 0 1838 167 1

1819 168 1837 197 ᾖ,

358 229 401 260 76
542 225 840 259 LlUDPltANDl
870 222 1213 257 ANTAI’ODOSIS.
1263 222 1357 254 LIB.
1387 221 1455 254 111.
1509 219 1666 254 47—60.

358 354 449 381 eom
470 337 656 380 ›robare’.
734 336 860 389 Quod
914 349 989 377 rex
1038 341 1084 377 ιιι
1130 333 1307 385 audivit,
1365 333 1562 375 iuvenem
1611 274 1838 404 quenda&

356 395 462 438 Teu(
480 395 594 435 inum
625 393 805 444 nomine,
843 390 980 446 elegit,
1020 390 1092 431 ‹ui
1133 405 1228 431 cum
1270 403 1320 431 eo
1358 387 1467 430 hanc
1496 386 1551 430 ob
1577 402 1668 430 rem
1696 387 1838 445 singu,

356 450 486 493 larem
523 463 707 506 pugnam
749 446 971 490 commisit.
1083 460 1157 487 eus
1195 452 1349 499 autem,
1393 445 1468 510 qui
1505 444 1641 487 iustus
1676 450 1753 498 est,
1795 440 1838 495 Q

356 515 517 549 rectum
548 511 610 547 est
637 504 840 546 iudicium
870 502 971 555 eius,
1002 501 1045 542 in
1075 516 1160 558 quo
1182 516 1265 543 non
1286 508 1349 543 est
1369 500 1582 559 imquitas,
1611 505 1746 542 utam
1776 498 1838 545 hii

358 561 569 616 bologiam
599 560 859 615 dirumperet
892 572 942 599 ac
981 557 1200 600 veritatem
1239 557 1403 599 eunetis
1439 554 1690 610 ostenderet,
1740 555 1838 612 ecit'j

356 626 403 660 ut
429 616 646 659 Teudinus
677 615 878 657 citissime
907 613 1087 667 caderet,
1128 621 1169 656 et
1197 613 1452 669 Lampertus
1480 612 1702 655 victoriam
1732 611 1838 658 obtine⁴⁴

356 679 484 716 neret.
542 670 829 725 Quamobrem
859 684 935 711 rex
964 669 1035 711 Hu
1070 684 1093 711 0
1123 683 1208 710 non
1236 669 1506 711 mediocriter
1532 675 1597 711 est
1624 666 1838 713 consum&

358 727 544 771 Consilio
575 735 715 769 autem
744 732 931 782 accepto,
961 740 1059 767 eun(
1073 740 1141 767 em
1171 725 1446 768 Lambertum
1474 724 1610 767 tenuit
1637 731 1681 767 et
1700 730 1838 776 custos

356 785 451 827 diae
480 783 662 826 tradidit.
721 783 940 824 Timuerat
968 782 1093 835 enim,
1133 796 1199 833 ne,
1239 782 1273 823 si
1304 796 1348 823 se
1378 780 1623 835 dimitteret,
1658 793 1838 837 reguum

357 839 415 882 illi
454 839 647 882 auferret.
715 838 809 880 Hoc
844 838 974 894 igitur
1012 845 1149 894 capto,
1189 837 1348 879 Bosoni
1387 836 1506 880 fratri
1541 850 1619 879 suo
1656 835 1838 880 Tusciae

357 910 541 938 marcam
572 894 870 947 contradidit¹3
905 900 947 936 et
974 907 1059 935 non
1088 892 1220 935 multo
1250 901 1347 950 post
1374 890 1651 936 Lambertum
1679 890 1838 937 lumine

387 952 550 993 rivavit.
1831 963 1833 966 ’

357 968 383 1009 p
467 1008 533 1049 48.
591 1006 671 1048 His
707 1005 969 1062 temporibus
1006 1004 1224 1047 Italienses
1260 1006 1303 1047 in
1340 1003 1634 1062 Burgundiam
1673 1003 1728 1047 ob
1755 1003 1838 1049 Ro-

357 1063 535 1117 dulfum,
565 1069 612 1104 ut
640 1061 847 1114 adveniat,
878 1062 1060 1103 mittunt.
1119 1060 1247 1114 Quod
1286 1061 1416 1117 Hugo
1454 1075 1532 1104 rex
1567 1067 1615 1103 ut
1651 1060 1838 1118 agnovitff

357 1119 514 1161 nuntiis
543 1118 599 1160 ad
628 1117 808 1160 eundem
839 1116 1021 1171 directis,
1053 1131 1220 1159 omnem
1257 1125 1413 1160 terram
1482 1131 1581 1159 uam
1616 1116 1660 1158 in
1699 1114 1838 1160 Gallia

357 1182 453 1217 ante
491 1174 610 1230 regni
651 1174 986 1230 susceptionen1¹³
1016 1174 1149 1215 tenuit
1177 1173 1360 1215 Rodulfo
1389 1173 1442 1215 de
1472 1180 1518 1227 ιι,
1547 1179 1677 1230 atque
1704 1172 1760 1215 ab
1788 1184 1838 1221 001

357 1230 661 1284 iusiurandum,
690 1245 743 1272 ne
773 1229 998 1287 aliquando
1027 1230 1071 1271 in
1099 1228 1265 1271 Italiam
1294 1230 1467 1284 veniret,
1495 1229 1702 1286 accepit².
1746 1227 1828 1271 Nc·

358 1288 495 1329 minus
526 1287 651 1328 etiam
682 1286 944 1339 Heinricum,
985 1301 1110 1342 quem
1150 1300 1199 1327 su
1232 1301 1280 1327 ra
1317 1286 1659 1339 memoravimus,
1692 1299 1825 1341 rege

356 1343 642 1396 fortissimum,
674 1341 814 1384 multis
845 1340 1004 1384 collatis
1036 1342 1201 1383 muneri
1233 1356 1284 1383 us
1313 1342 1498 1385 amicum
1518 1340 1599 1384 sibi
1618 1340 1831 1385 effecerat:

356 1399 476 1441 cuius
497 1414 551 1440 cx
579 1398 659 1440 hoc
687 1398 802 1454 apud
832 1397 961 1439 Italos
990 1412 1145 1440 nomen
1173 1398 1359 1441 maxime
1378 1405 1479 1441 tunc
1502 1396 1701 1453 clarebat,
1721 1411 1825 1463 qu

355 1454 519 1507 Dimos,
549 1454 651 1496 nulli
682 1462 778 1496 ante
816 1453 1041 1507 subiectos,
1079 1453 1191 1496 solus
1227 1455 1318 1510 ipse
1353 1453 1585 1497 debellaret
1617 1467 1670 1496 ac
1706 1452 1823 1497 tnbu

355 1511 482 1552 tmios
510 1510 679 1552 faceret.
737 1510 815 1551 Est
843 1510 955 1552 enim
984 1524 1089 1574 gens
1118 1510 1334 1564 indomita,
1374 1511 1453 1554 sub
1482 1509 1767 1568 septentrione
1796 1509 1832 1545 ''-

357 1581 514 1609 oceano
553 1565 724 1622 degens,
764 1566 885 1608 cuius
916 1566 1064 1608 sevitia
1092 1566 1321 1609 multarum
1350 1581 1477 1633 saepe
1505 1566 1695 1624 gentium
1718 1579 1795 1608 no

355 1621 448 1664 litas
479 1621 599 1664 luxit.
658 1622 716 1663 Hi
734 1621 959 1678 aliquando
980 1621 1186 1664 classibus
1211 1638 1288 1680 per
1306 1622 1444 1665 Rhem
1462 1621 1649 1664 fluminis
1666 1620 1781 1664 alve
1805 1642 1827 1658 ιν

357 1678 698 1731 conscendentes,
729 1678 838 1720 ferro
869 1685 910 1720 et
938 1678 1027 1742 igni
1066 1686 1221 1721 cuncta
1255 1680 1407 1722 misere
1445 1677 1827 1736 laniarunt31pz1-

356 1734 530 1791 insuper
571 1733 854 1776 nobilissimas
891 1734 1100 1788 civltates,
1135 1735 1419 1793 Agrippinam
1458 1749 1568 1792 quae
1604 1748 1719 1777 nunc
1755 1733 1828 1777 Οὐ

355 1789 469 1831 Ionia
496 1797 684 1843 vocatur,
714 1798 840 1847 atquc
869 1790 1088 1832 Treverim
1116 1790 1244 1847 longe
1273 1807 1300 1834 a
1327 1790 1475 1834 Rheno
1503 1790 1699 1848 positam,
1733 1804 1821 1832 no·

355 1844 574 1902 nullasque
609 1845 712 1887 alias
748 1847 793 1887 in
831 1861 961 1903 regno
998 1846 1187 1888 Lotharii
1230 1846 1488 1890 debellantes
1529 1847 1575 1888 vi
1618 1859 1829 1903 ceperim

357 1902 604 1958 cunctisque
623 1901 788 1955 ablatis,
814 1916 864 1943 ea
884 1917 992 1959 quae
1020 1917 1164 1945 secum
1191 1903 1355 1946 deferre
1383 1917 1470 1946 non
1520 1908 1695 1956 oter-ant,
1725 1916 1822 1945 com

357 1958 596 2000 busserunt.
621 1957 826 2000 Thermas
841 1959 966 2000 etiam
976 1958 1109 2001 Grani
1124 1958 1270 2016 palatii
1284 1966 1414 2017 atque
1427 1975 1456 2026 p
1525 1958 1826 2006 tiaeombusso

355 2020 455 2055 runt
465 2022 495 2055 ³.
553 2013 714 2056 Verum
743 2013 809 2056 his
840 2015 1019 2068 omissis,
1049 2015 1104 2057 ad
1135 2015 1335 2058 narrandi
1364 2029 1516 2059 senem
1543 2013 1782 2058 redeamus.

465 2070 534 2111 49.
590 2068 804 2112 Arnaldus
833 2069 1139 2126 Bagoariorum
1160 2079 1202 2115 et
1222 2071 1556 2115 Carentanorum
1584 2070 1688 2125 dux,
1716 2063 1826 2113 cui

357 2125 548 2181 superius
592 2125 771 2167 fecimus
814 2127 1083 2180 mentionem,
1132 2142 1228 2169 cum
1269 2143 1356 2171 non
1397 2126 1575 2171 multum
1616 2126 1672 2170 ab
1713 2126 1826 2170 1›='

355 2180 480 2236 longe
523 2181 717 2234 distaret,
766 2181 950 2224 collectis
994 2184 1147 2239 copiis,
1197 2185 1395 2241 quatinus
1437 2183 1615 2240 Hugoni
1658 2196 1766 2249 regn
1808 2205 1812 2219 ι

356 2236 552 2290 auferret,
592 2236 773 2280 advenit.
847 2238 932 2291 Qui
977 2239 1269 2282 Tridentinam
1313 2255 1364 2283 ea
1406 2255 1461 2283 ex
1499 2245 1620 2298 parte
1655 2253 1781 2296 pnm-
1819 2246 1821 2248 ’

357 2291 504 2334 Italiae
542 2307 728 2334 marcam
765 2295 1061 2350 pertransienS‚
1098 2296 1313 2338 Veronam
1350 2310 1485 2354 usque
1550 2295 1727 2338 ervenit.
1786 2293 1823 2339 E

358 2362 444 2404 qua
471 2363 498 2389 a
524 2347 681 2390 Milone
711 2350 863 2392 comite
893 2357 1019 2407 atque
1048 2351 1219 2395 Raterio
1249 2353 1451 2410 episcopo
1479 2311 1671 2406 fidenter,
1698 2356 1747 2394 ut
1766 2350 1822 2408 qd

357 2418 454 2446 eum
475 2404 715 2457 invitarant,
746 2406 984 2462 suscipitur.
1044 2408 1169 2459 Quod
1206 2423 1283 2451 rex
1313 2408 1442 2466 Hugo
1477 2415 1525 2451 ut
1552 2406 1727 2462 audivit,
1756 2402 1822 2454 col

357 2458 466 2502 lecto
496 2461 686 2502 exercitu
715 2461 754 2502 ei
784 2461 955 2503 obviam
985 2464 1130 2506 tendit.
1814 2463 1816 2466 ⁴

468 2516 536 2559 50.
595 2515 789 2573 Cumque
833 2517 981 2560 eodem
1026 2521 1298 2575 pervenisset,
1348 2526 1390 2562 et
1436 2518 1747 2572 caballicatas⁴,
1791 2516 1821 2560 ti

355 2611 386 2646 a)
409 2613 616 2645 suseptiouem
641 2615 653 2638 1
660 2634 666 2639 .

361 2686 397 2731 1)
425 2688 480 2722 cf.
506 2688 558 2722 IV
596 2698 629 2722 c,
663 2689 719 2722 10.
779 2689 821 2721 In
855 2689 1047 2733 diplomate
1083 2702 1116 2724 a.
1148 2692 1215 2724 931
1245 2693 1343 2726 XVI.
1375 2693 1458 2728 Kal.
1484 2693 1574 2727 Nov.
1615 2692 1698 2726 dato
1731 2690 1819 2742 Hu‘

356 2736 483 2771 laudat
507 2737 682 2771 Bosonem
708 2742 864 2771 nostrum
892 2738 1159 2773 dilectissimum
1195 2741 1338 2775 fratrem
1364 2746 1399 2775 et
1431 2741 1722 2786 gloriosissimum
1747 2749 1783 2773 m
1804 2755 1821 2763 ·=

358 2786 521 2820 chionem
546 2784 710 2830 (Forsch.
738 2797 798 2820 zur
825 2787 1021 2821 deutschen
1043 2789 1171 2822 Gesch.
1190 2790 1235 2830 X,
1262 2790 1361 2831 300).
1462 2789 1502 2834 2)
1520 2790 1625 2824 Hanc
1643 2782 1815 2822 cessioni

354 2844 448 2868 anno
474 2835 546 2868 933
577 2835 737 2868 evenisse
767 2835 997 2869 crediderim.
1098 2835 1138 2880 3)
1174 2839 1273 2879 Quae
1310 2839 1354 2872 de
1388 2839 1442 2873 his
1466 2839 1749 2873 Nomannomm
1781 2835 1819 2881 ‘j

359 2883 495 2917 cendiis
532 2883 640 2917 refert
676 2883 927 2928 Liudprandus
969 2896 1010 2918 ex
1049 2886 1228 2920 hominum
1266 2890 1435 2922 memoria
1468 2888 1652 2932 excepisse
1688 2884 1805 2920 vide‘

358 2932 396 2975 4)
421 2931 591 2976 Equitum
616 2937 758 2975 turmas,
786 2933 830 2967 cf.
858 2944 888 2967 c.
918 2935 974 2967 14.
