1838 3210
430 229 730 264 LIUDPRANDI
755 229 981 264 LEGATIO.
1032 230 1190 262 47-50,
1490 230 1557 262 157

41 349 43 352 ⁴
68 344 145 397 cis,
173 342 324 387 videor
351 343 539 384 insonus.
595 339 894 397 Obiurgabant
923 340 1079 384 Graeci
1107 355 1236 394 mare,
1266 341 1324 382 im
1356 340 1558 383 recaban-
1571 352 1639 380 ⁹⁶⁸.

43 399 138 449 „tur
163 399 354 465 aequori,
382 396 479 455 plus
506 397 617 440 iusto
646 397 861 450 mirantes,
896 411 972 439 cur
999 403 1224 454 peccatum
1252 356 1357 439 illufl
1386 403 1557 453 portare

66 461 267 513 potuerit,
296 468 373 497 cur
399 453 552 496 fretum
572 452 794 496 dehiscens
813 453 958 495 navim
977 467 1064 495 non
1082 451 1360 496 absorbuerit.
1405 454 1557 510 ‘Impe-

34 558 38 562 ,
67 513 277 565 ratorem',
305 510 515 567 inquiunt,
541 508 835 552 ‘universalem
853 509 1158 563 Romanorum,
1178 515 1420 566 augustum,
1440 525 1558 565 mag-

66 581 170 610 num
186 599 197 621 ‚
240 566 377 610 solum
419 565 708 622 Nicephorum
757 566 977 623 scripsisse
1021 564 1300 618 Graecorum,
1343 565 1558 608 hominem

67 622 281 681 quendam
310 620 553 674 barbarum,
583 630 838 679 pauperem¹
869 622 1172 675 Romanorum,
1201 636 1287 664 non
1315 622 1358 678 pi
1391 622 1475 664 uit!
1517 620 1557 664 O

65 678 250 722 caelum!
300 693 325 721 o
354 678 486 721 terra!
531 692 556 720 o
586 678 722 720 mare!
781 677 868 720 Sed
897 677 1035 735 quis,
1078 677 1291 735 inquiunt,
1337 678 1557 720 ‘aciemus

64 733 310 778 hominibus
348 734 440 776 istis
478 732 703 787 sceleratis,
738 733 1005 776 criminosis?
1060 735 1278 792 Pauperes
1308 741 1418 787 sunt,
1449 740 1492 776 et
1520 734 1556 776 si

63 805 140 835 eos
167 790 417 845 occidimus,
447 804 598 832 manus
626 797 791 832 nostras
819 791 1027 847 sanguine
1046 789 1122 832 vili
1151 789 1422 847 'polluimus3
1453 795 1703 847 pan-'2⁸⁵⁸-

35 847 160 890 nosi
187 853 298 898 sunt,
331 848 443 889 servi
472 853 582 899 sunt,
619 847 767 889 rustici
808 854 924 900 sunt,
960 847 996 888 si
1034 860 1107 889 eos
1147 844 1434 903 flagellamus,
1471 861 1557 888 non

65 903 196 960 ipsos,
228 902 306 946 sed
333 917 412 945 nos
441 901 761 957 dedecoramus,
801 903 875 960 qui
904 917 983 945 nec
1013 902 1207 945 Romana
1236 902 1400 944 scutica
1429 901 1557 944 deau-

37 965 169 1013 rata,
204 973 284 1003 nec
319 958 565 1001 huiusmodi
600 965 699 1001 sunt
736 959 934 1001 crucibus
974 958 1106 1015 digni.
1174 957 1212 1001 Ο
1252 959 1413 1000 utinam
1452 957 1557 1002 alter

64 1016 308 1082 episcopus,
338 1014 444 1058 alter
472 1013 661 1057 marchio
691 1015 820 1058 esset!
851 1013 983 1058 culeis
1003 1015 1116 1057 enim
1137 1015 1231 1068 suti,
1262 1022 1360 1072 post
1378 1014 1556 1058 acerbos

26 1079 31 1085 ‘
62 1086 282 1129 virgarum
309 1071 432 1125 ictus,
461 1079 559 1128 post
588 1070 748 1114 barbae
777 1086 855 1114 seu
874 1070 1126 1128 capillorum
1148 1070 1481 1123 distractionem,
1510 1071 1557 1113 in

34 1175 35 1179 Ἰ
62 1141 180 1170 mare
208 1127 564 1184 demergerentur.
614 1126 702 1169 Sed
729 1126 972 1179 serventur’,
1003 1127 1047 1168 in
1079 1127 1215 1181 uiunt,
1246 1131 1302 1170 ‘et
1331 1141 1556 1184 quousque

41 1219 43 1222 .
63 1183 358 1226 sanctissimus
377 1184 607 1240 imperator
626 1182 915 1225 Romanorum
935 1183 1073 1240 Nicep
1106 1197 1205 1225 orus
1231 1181 1335 1226 haec
1356 1183 1558 1226 resciscat

63 1238 189 1294 mala,
217 1238 340 1297 gravi
367 1238 560 1281 custodia
588 1241 876 1282 macerentur’.

39 1343 45 1351 .
174 1308 244 1351 48.
287 1306 406 1351 Dum
435 1307 539 1350 haec
569 1307 853 1361 resciscerem,
884 1306 1028 1350 felices
1048 1321 1133 1360 eos,
1164 1307 1368 1364 quoniam
1397 1322 1557 1365 paupe·

30 1374 33 1383 ”
63 1378 144 1418 1⁹9⁸,
173 1377 243 1407 me
270 1362 494 1416 infelicem,
525 1364 628 1421 quia
655 1363 844 1417 divitem,
874 1362 1073 1406 iudicavi.
1118 1362 1231 1407 Cum
1258 1363 1374 1406 domi
1405 1378 1556 1419 essem,

35 1422 46 1478 ss
64 1433 161 1463 mea
189 1433 258 1462 me
286 1418 481 1463 voluntas
510 1434 740 1477 pauperem
772 1418 1027 1474 excusabat,
1059 1418 1426 1476 Constantinopoli
1455 1434 1557 1463 vero

34 1495 35 1498 ¹
64 1476 242 1535 positus,
274 1475 446 1518 Crassi¹
475 1491 543 1518 me
572 1474 729 1518 habere
749 1475 923 1518 divitias
952 1476 1079 1518 timor
1098 1476 1190 1533 ipse
1210 1474 1392 1519 dicebat.
1438 1476 1557 1519 Sem-

35 1557 39 1561 1
66 1546 147 1590 per
173 1531 279 1575 mihi
337 1533 533 1589 auperies
561 1532 717 1589 gravis,
747 1539 847 1574 tunc
877 1532 972 1574 visa
1001 1539 1067 1575 est
1094 1531 1212 1586 levis,
1242 1538 1344 1574 tunc
1365 1538 1558 1598 accepta,

45 1593 165 1631 :tunc
206 1603 306 1645 amp
323 1587 518 1642 ectenda;
560 1587 855 1645 amplectenda
899 1588 959 1630 uti
992 1602 1058 1642 ue,
1101 1603 1212 1646 quae
1251 1603 1352 1631 suos
1390 1589 1557 1645 peruni,

32 1642 280 1697 subiectos
308 1645 390 1688 sibi
419 1642 623 1702 flagellari
653 1659 739 1687 non
768 1645 940 1710 patitur.
1025 1651 1041 1687 t
1071 1645 1172 1701 quia
1199 1644 1306 1688 haec
1326 1652 1556 1710 paupertas

39 1699 435 1800 Gooplstantinopglg
470 1699 605 1743 solum
644 1715 745 1743 suos
773 1708 833 1743 ita
871 1699 1082 1755 defendit,
1121 1699 1271 1744 eodem
1310 1707 1364 1743 sit
1401 1700 1556 1743 solum-

18 1788 19 1791 =
43 1769 110 1800 m
167 1770 193 1799 o
351 1771 380 1799 n
439 1788 449 1799 .

173 1813 243 1856 49.
318 1813 434 1869 gitur
460 1812 705 1870 apostolicis
734 1813 891 1855 nuntiis
911 1813 956 1854 in
975 1827 1192 1855 carcerem
1212 1813 1390 1866 traditis,
1417 1812 1554 1870 publi-

30 1886 43 1923 ,χ
63 1881 174 1912 cana
201 1867 274 1912 illa
301 1884 324 1912 e
356 1868 479 1912 istola
507 1868 748 1926 Nicephoro
778 1869 824 1911 in
851 1869 1203 1926 Mesopotamiam
1222 1869 1414 1922 mittitur,
1440 1868 1554 1912 unde

47 1938 200 1982 usque
227 1924 284 1968 ad
310 1883 398 1968 fib.
441 1924 545 1968 Idus
573 1925 837 1983 Septembris
866 1940 952 1967 non
980 1932 1045 1968 est
1063 1939 1271 1979 reversus,
1293 1926 1368 1982 qui
1386 1925 1557 1968 afferret
1570 1940 1653 1974 Sept.
1676 1941 1723 1969 12.

19 2001 46 2040 3
63 1979 378 2038 apologeticum
406 1982 616 2024 nuntium.
661 1981 759 2035 Qua
787 1981 857 2024 die
886 1995 982 2024 cum
1012 1981 1191 2035 rediret,
1232 1990 1275 2024 et
1302 1996 1370 2024 me
1391 1980 1551 2036 lateret,

27 2044 37 2069 ›2‘
63 2043 164 2095 post
182 2035 390 2079 biduum⁰
423 2036 589 2081 decimo
610 2045 762 2081 octavo
782 2036 942 2080 scilicet
962 2036 1174 2080 Calendas
1195 2036 1394 2081 Octobris
1410 2045 1438 2090 ²,
1460 2052 1555 2094 pre·
1567 2047 1651 2081 Sem-
1676 2048 1722 2075 ¹⁴·

21 2097 39 2142 »ᾗ
63 2093 187 2137 cibus
225 2069 558 2152 muneribusque
596 2093 730 2147 effeci,
774 2100 822 2136 ut
858 2092 1076 2136 vivificum
1121 2099 1248 2150 atque
1292 2093 1554 2137 salutiferum

28 2196 36 2205 ,Υ
64 2147 289 2194 adorarem
315 2146 501 2207 lignum3
542 2148 616 2192 ubi
645 2156 762 2193 tanto
791 2150 834 2191 in
863 2149 1048 2193 tumultu
1078 2148 1240 2206 populi,
1274 2148 1384 2192 clam
1414 2156 1554 2192 custo·

26 2226 42 2251 -,
64 2203 206 2261 dibus,
247 2204 422 2263 quidam
462 2221 530 2249 me
567 2205 783 2260 adierunt,
821 2206 896 2262 qui
935 2211 1120 2248 mentem
1154 2219 1294 2248 meam
1328 2204 1554 2263 lugubrem

21 2292 30 2298 -.
64 2259 232 2305 furtivis
262 2262 528 2306 sermonibus
556 2261 733 2306 hilarem
763 2261 1050 2304 reddidertmt.

29 2319 33 2331 ²
177 2317 246 2360 50.
303 2317 481 2360 Decimo
551 2319 668 2362 uinto
711 2325 853 2361 autem
897 2317 1107 2361 calendas
1150 2316 1364 2372 Octobris,
1404 2318 1553 2361 mortis
1567 2327 1651 2361 Sert-
1675 2328 1721 2355 ¹⁷·

41 2369 265 2431 -vitaeque
294 2372 474 2428 medius,
502 2332 558 2417 ah
587 2373 790 2431 palatium
819 2388 915 2417 sum
943 2380 1215 2417 convocatus.
1274 2372 1472 2431 Cumque
1499 2374 1556 2416 ad

40 2459 49 2482 3
69 2426 365 2487 christophori
404 2430 571 2488 patricii
612 2430 796 2473 eunuchi
832 2430 1088 2488 presentiam
1127 2430 1341 2484 venirem,
1371 2430 1555 2487 benig-ne

23 2488 43 2534 J·
68 2498 137 2527 me
172 2485 286 2528 susci
319 2485 428 2536 iens,
467 2485 571 2529 mihi
609 2500 707 2529 cum
744 2485 879 2529 tribus
916 2485 1013 2529 aliis
1051 2486 1299 2529 assurrexit.
1361 2486 1555 2540 Quorum

40 2580 46 2593 χ
66 2539 238 2584 huiusm
339 2541 418 2585 fuit
445 2542 699 2585 narrationis
727 2542 917 2585 initium:
947 2541 1204 2586 ‘Ostendunt
1231 2540 1381 2599 ‘pallor
1409 2543 1453 2584 in
1484 2556 1555 2585 ore

23 2589 46 2646 ἷῖ
67 2596 234 2651 sedens,
277 2597 434 2641 macies
473 2598 516 2641 in
556 2613 733 2664 corpore
770 2598 907 2653 toto'³,
952 2598 1150 2642 crinitum
1194 2605 1345 2656 caput,
1390 2597 1557 2655 prolixa

23 2666 49 2694 2
69 2660 218 2696 contra
245 2667 404 2697 morem
441 2653 587 2707 barba,
625 2669 880 2698 immensum
919 2654 1039 2697 cordi
1073 2662 1147 2698 tuo
1187 2655 1325 2698 inesse
1354 2653 1556 2707 dolorem,

24 2767 32 2800 J
70 2760 101 2795 a)
121 2760 228 2789 Omni
249 2763 278 2792 C.
358 2762 390 2794 b)
408 2763 448 2789 ita
476 2765 603 2794 corr-cti:
632 2763 770 2796 quintum
793 2764 822 2791 C.
848 2764 897 2790 nd
922 2764 1041 2790 codiee-
1063 2764 1102 2791 n.
1131 2771 1192 2789 non
1220 2770 1287 2789 vero
1310 2763 1344 2791 V.
1367 2763 1472 2795 leym«,
1502 2769 1556 2788 vot

69 2799 195 2828 biduum
218 2802 299 2834 ὄψα
317 2803 433 2835 probas.
514 2803 543 2837 ο)
565 2802 702 2830 btdluum
724 2804 752 2830 Ο.

23 2873 108 2955 12)
135 2889 158 2925 ί,
187 2900 218 2923 0,
244 2892 423 2926 onmem,
506 2890 545 2933 2)
572 2891 614 2924 Iu
641 2890 855 2925 exaltatione
882 2892 1011 2925 crucis.
1087 2888 1126 2933 3)
1153 2890 1260 2925 Ovid-
1282 2890 1367 2924 ⁸¹⁰²·
1394 2890 1442 2931 11’
1472 2890 1554 2924 ⁷⁷⁶·
