1838 3210
240 363 308 389 080.

171 404 246 430 Luc.
261 405 306 436 2²,

186 443 236 470 88.
260 443 306 469 34.

176 817 186 826 “
197 826 228 851 p.
241 818 307 844 824.

121 858 186 884 Ioh.
201 857 307 890 21,1·1.

233 1656 307 1691 (14.)

318 243 363 274 94
527 237 828 272 LIUDPRANDI
856 233 1202 269 ANTAPODOSIS.
1252 233 1348 267 LIB,
1376 231 1440 266 lv.
1492 229 1650 265 20—27.

322 354 365 395 in
395 365 606 395 carcerem
637 357 679 392 et
708 350 749 390 in
781 355 958 390 mortem
994 346 1080 388 irc'.
1145 344 1227 388 Cui
1269 343 1486 387 dominus:
1544 341 1671 385 ‘Dico
1707 341 1820 386 tibi’'

321 410 393 463 ait,
424 409 573 460 ‘Fen-e,
599 419 683 447 non
715 403 902 447 cantabit
931 403 973 444 in
1003 402 1082 443 hac
1112 408 1238 443 nocte
1305 398 1426 454 allus,
1462 399 1601 443 donec
1638 404 1704 443 ter
1738 411 1785 440 a·
1816 432 1830 458 3

321 479 451 530 neges
481 477 604 504 nosse
634 462 725 503 mc’.
785 459 824 503 Ο
862 465 1006 501 sancte
1036 458 1173 511 Petre,
1204 414 1355 499 mefius
1386 469 1516 514 quam
1544 461 1593 498 tu
1621 461 1664 499 te
1691 454 1815 498 novi

353 536 397 563 ιιι
436 519 537 562 fecit
573 525 627 561 te.
699 516 767 558 Tu
810 514 1035 572 profiteris,
1078 511 1440 569 quemadmodum
1483 516 1623 569 putas,
1665 526 1710 554 v·
1751 518 1826 557 :wc

321 577 466 629 hdcm3
511 572 587 616 sed
622 572 696 629 qui
738 571 990 627 priusquam
1020 568 1124 611 fiant
1151 568 1294 610 omnia
1321 568 1455 622 novit,
1498 574 1563 610 ter
1599 581 1647 611 se
1696 587 1784 617 ·2·,-·
1820 595 1831 622 .‚3

321 642 462 676 turum
492 637 533 672 tc
564 643 655 671 esse
684 626 883 684 predixit.
941 624 1085 667 Huius
1115 625 1275 681 quippe
1304 622 1538 667 sententiae
1564 637 1652 667 non
1679 622 1789 666 inm-
1814 627 1834 674 ἑ

321 703 426 741 mor,
477 700 574 727 cum
621 691 662 726 te
710 681 995 739 postmodum,
1044 695 1100 722 an
1147 695 1192 722 se
1237 679 1436 736 diligeres
1446 686 1478 733 ⁸,
1520 679 1833 739 interrogaret,

321 743 459 799 magis
488 741 568 806 ipsi
598 738 775 782 credens
805 751 934 795 quam
964 737 1055 790 tibi,
1099 750 1288 778 amorem
1316 742 1439 778 tuum
1467 734 1549 779 hac
1575 742 1798 792 tempera
1818 764 1827 791 3

320 798 614 855 responsmnc*
645 794 882 847 declarasti,
927 792 1091 835 dicens:
1134 792 1335 846 Domine,
1365 798 1413 834 tu
1442 791 1587 835 omnia
1610 791 1737 846 nosti,
1777 806 1821 827 η’

322 855 404 899 scis
434 853 536 910 quia
576 866 673 894 amo
712 857 766 893 te.
826 849 1099 892 Conscientia
1128 847 1302 905 quidem
1336 862 1434 891 mea
1501 845 1569 890 lus
1607 844 1742 904 diligo
1797 854 1832 902 ²253:

322 925 451 969 quam
480 923 560 962 me,
590 907 672 949 nisi
702 907 803 964 quia
831 912 872 948 te
911 904 1128 962 diligendo
1165 903 1298 969 diligo
1328 918 1410 947 me.
1511 909 1626 947 trum
1652 908 1821 959 autem,

322 974 369 1010 ut
397 964 606 1014 existimo,
638 964 696 1005 ita
725 977 816 1004 sese
846 961 1002 1004 veritas
1040 960 1208 1014 habeat,
1243 974 1336 1016 ipse
1377 974 1507 1017 quam
1544 973 1626 1016 ego
1661 956 1780 1003 meli
1801 972 1819 994 —2

322 1022 444 1075 nosti,
484 1020 556 1077 qui
598 1034 666 1061 me
705 1025 751 1061 ut
786 1031 923 1060 essem
962 1016 1112 1070 fecisti,
1157 1023 1199 1058 et
1235 1022 1283 1058 ut
1325 1022 1368 1058 te
1404 1014 1626 1073 diligerem
1667 1028 1757 1058 am
1799 1036 1805 1051 2

321 1077 552 1121 iustissimo
581 1072 878 1116 inflammasti’.
937 1072 1057 1115 Bone
1087 1073 1229 1129 itaque
1259 1086 1350 1125 reX,
1385 1086 1473 1114 non
1500 1070 1555 1115 ob
1584 1077 1702 1114 tuam
1729 1069 1823 1118 ho,

322 1134 397 1178 sed
427 1133 481 1175 ob
512 1132 776 1173 infirmorum
805 1135 950 1172 actum
980 1135 1047 1171 est
1080 1127 1222 1182 fidem,
1261 1128 1335 1184 qui
1363 1128 1589 1171 victoriam
1615 1140 1704 1170 non
1744 1147 1789 1165 ι·
1813 1136 1829 1156 ‚-

322 1191 366 1232 in
408 1187 678 1230 multitudine
721 1192 873 1243 putant
912 1185 1142 1227 consistere
1183 1191 1225 1227 et
1260 1184 1469 1227 humanas
1503 1198 1573 1227 res
1609 1197 1698 1226 non
1743 1202 1829 1235 ιι

320 1245 498 1288 fortuitu
527 1243 763 1309 provenire.
825 1241 995 1284 Scimus
1025 1240 1150 1294 enim,
1188 1241 1290 1306 quia
1323 1246 1367 1283 et
1393 1240 1430 1282 si
1458 1254 1559 1283 cum
1587 1239 1679 1283 XII
1705 1237 1799 1283 mili
1818 1243 1830 1285 ζ

321 1301 429 1345 busb
459 1298 699 1356 legionibus
734 1299 934 1340 transires
968 1311 1019 1339 ac
1055 1297 1282 1338 victoriam
1319 1296 1546 1362 optineres,
1587 1309 1677 1338 non
1727 1314 1757 1333 ιι
1782 1303 1838 1332 ni

321 1357 399 1400 tibi
428 1356 502 1399 sed
532 1354 703 1397 domino
734 1354 979 1410 imputares.
1056 1352 1114 1395 Et
1152 1352 1258 1395 haec
1287 1359 1397 1395 ratio
1432 1358 1510 1406 est,
1547 1350 1666 1410 quod
1698 1358 1743 1396 te
1772 1352 1805 1388 ἰ
1835 1367 1838 1383 ²

322 1413 472 1470 paucis
503 1411 662 1454 orando
691 1409 826 1452 voluit
854 1410 1039 1463 vincere,
1069 1415 1117 1450 ut
1147 1415 1189 1452 et
1217 1409 1262 1450 in
1291 1423 1337 1452 se
1366 1414 1586 1465 sperantes
1614 1406 1672 1450 ad
1698 1420 1788 1451 am
1809 1411 1826 1444 J

322 1483 412 1511 rem
461 1468 527 1510 sui
571 1481 640 1508 ma
673 1467 707 1508 is
751 1466 1016 1517 accenderet,
1060 1471 1114 1519 et,
1159 1471 1200 1507 te
1246 1471 1453 1522 quantum
1491 1462 1707 1520 diligeret,
1742 1478 1789 1507 n·
1806 1476 1827 1507 ’.ς

323 1524 553 1567 scientibus
583 1524 628 1564 in
661 1523 802 1564 'caret
863 1521 949 1564 Sed
979 1521 1045 1563 his
1084 1520 1295 1576 obmissis,
1334 1519 1390 1563 ad
1423 1519 1626 1564 narrandi
1660 1519 1824 1564 seri

323 1580 544 1623 redeamus
554 1586 584 1621 ⁰.
1807 1607 1815 1630 ξ

434 1647 501 1690 27.
559 1646 638 1688 Est
666 1647 710 1687 in
729 1645 927 1688 Alsaciae
957 1645 1152 1702 partibus
1173 1643 1408 1700 castellum,
1435 1644 1656 1688 Brisicau¹
1676 1650 1819 1702 pain-,3

321 1702 529 1747 vocabulo
565 1708 871 1758 nuncupatum,
918 1701 1033 1758 quod
1077 1708 1118 1744 et
1161 1700 1335 1744 Rhenus
1376 1699 1615 1744 immodum
1651 1700 1735 1738 ἰιι
1772 1706 1833 1737 ³5·

322 1760 511 1815 cingens‚
540 1765 581 1800 et
609 1756 812 1800 naturalis
842 1758 937 1815 ipsa
965 1757 1048 1799 loci
1077 1771 1123 1799 as
1156 1757 1283 1799 eritas
1303 1756 1454 1799 munit.
1495 1756 1548 1799 In
1566 1756 1650 1800 hoc
1667 1756 1777 1815 itaq

322 1829 495 1858 suorum
525 1814 798 1857 Heverardus
826 1820 1027 1870 posuerat
1060 1772 1376 1856 mufftitudinem
1402 1811 1602 1868 militum,
1629 1826 1706 1870 qu·
1750 1832 1756 1849 ι
1781 1832 1787 1849 .
1811 1868 1815 1870 ⁷

320 1878 479 1914 terrore
507 1884 594 1912 non
624 1869 759 1912 solum
789 1883 989 1934 magnam
1020 1869 1103 1912 sibi
1137 1875 1302 1926 partem
1339 1867 1529 1926 prefatae
1593 1868 1720 1911 rovin
1747 1868 1759 1879 ”
1799 1889 1831 1907 -..

320 1926 588 1979 vendicabat,
637 1941 788 1968 verum
832 1933 959 1968 etiam
1003 1925 1286 1967 circumcirca
1326 1925 1440 1982 regis
1476 1924 1539 1968 fid
1579 1939 1626 1968 es
1672 1944 1693 1962 u
1707 1924 1718 1935 ‘
1800 1925 1831 1975 ᾗ,

321 1981 520 2025 laniabat.
578 1982 674 2024 Rex
703 1981 888 2038 denique
916 1981 1069 2035 bonus,
1108 1996 1194 2024 non
1225 1995 1336 2038 quae
1366 1995 1446 2023 sua
1473 1980 1551 2024 sed
1578 1994 1691 2038 quae
1717 1994 1787 2024 su
1804 1982 1807 1986 ’

320 2053 417 2080 rum
457 2044 576 2081 erant
615 2037 902 2091 considerans,
952 2036 1129 2080 collecto
1172 2037 1376 2092 exercitu,
1419 2037 1467 2079 in
1500 2036 1723 2092 Alsatiam,
1777 2055 1784 2073 ν

320 2093 532 2151 prefatum
575 2101 758 2136 castrum
802 2092 1007 2148 obsideat,
1049 2093 1346 2150 proficiscitur.
1422 2091 1621 2151 Cumque
1662 2091 1801 2136 eod-w
1817 2096 1828 2138 j·

321 2150 594 2207 pervenisset,
631 2150 863 2202 Frederici,
900 2150 975 2207 qui
1011 2164 1109 2192 cum
1148 2164 1199 2192 eo
1235 2156 1338 2192 tunc
1373 2147 1501 2192 simul
1528 2148 1689 2204 aderat,
1736 2170 1756 2186 υ
1802 2191 1804 2193 .

321 2205 520 2262 gontinae
541 2205 652 2247 sedis
672 2205 997 2262 archiepiscopi,
1027 2205 1319 2249 exhortatione
1339 2205 1640 2262 episcoporum
1666 2217 1803 2262 quam·

321 2260 508 2318 plurimi,
537 2261 690 2304 defixis
719 2268 849 2304 noctu
878 2277 959 2318 per
995 2262 1139 2318 girum
1173 2261 1343 2304 amissis
1378 2261 1570 2305 tentoriis
1605 2274 1656 2318 ce
1689 2274 1714 2304 e
1747 2262 1809 2298 υἱ

321 2331 466 2372 regem
495 2316 687 2359 deserere
717 2316 912 2374 clamque
932 2317 987 2360 ad
1012 2317 1205 2360 civitates
1224 2317 1419 2375 proprias
1436 2317 1585 2375 fugere
1597 2324 1627 2372 ²,
1655 2275 1790 2360 fiod-

321 2372 410 2414 rico
450 2387 548 2414 cum
583 2371 733 2415 eodem
771 2372 949 2416 subdole
984 2380 1272 2430 permanente.
1338 2372 1467 2427 Quod
1502 2372 1617 2431 regis
1654 2371 1790 2415 nuh·-⁷

323 2427 654 2483 considerantes,
714 2428 958 2471 huiusmodi
1014 2443 1160 2485 regem
1208 2435 1308 2471 sunt
1355 2443 1552 2472 sermone
1599 2427 1792 2486 adgressi
1823 2445 1827 2452 ⁴

322 2546 353 2581 a)
375 2548 512 2580 animes
535 2550 561 2576 1.
649 2548 682 2582 b)
703 2549 762 2575 xn
783 2549 906 2576 mnibus
928 2551 954 2575 1.
979 2549 1006 2576 2.
1030 2549 1057 2576 3.
1081 2550 1110 2576 5.
1143 2543 1201 2576 ΧΤΙ
1222 2550 1277 2577 5⁸.
1302 2550 1465 2577 duodecim
1485 2547 1552 2578 5⁸⁹.
1641 2547 1671 2584 e)
1692 2548 1733 2577 ια
1782 2562 1785 2572 ·

322 2587 501 2614 festinemus
522 2588 549 2615 5.
572 2588 626 2614 5a.
650 2586 715 2616 5³2

324 2684 362 2729 1)
387 2686 548 2729 Brisaca,
573 2687 837 2723 Alt-Breisach.
869 2688 1094 2722 Vocabulum
1121 2690 1218 2732 quod
1242 2690 1451 2733 provinciae
1477 2693 1543 2731 est,
1569 2700 1635 2734 per
1658 2699 1736 2724 erro
1764 2705 1789 2718 ιε·

321 2734 571 2779 Liudprandus
597 2736 729 2781 oppido
764 2737 942 2780 assignat,
968 2741 1007 2770 ut
1039 2737 1144 2771 homo
1177 2738 1302 2773 Italus.
1403 2736 1444 2781 2)
1478 2738 1535 2773 cf.
1567 2738 1662 2772 infra
1693 2748 1727 2772 c.
1754 2737 1798 2771 8

320 2783 531 2818 widukind.
558 2785 597 2818 11
625 2795 656 2818 c.
683 2785 741 2828 24,
767 2785 908 2819 Contin.
933 2786 1061 2829 Regin.
1088 2787 1176 2821 939.
1205 2788 1263 2820 De
1289 2786 1475 2821 Friderico
1501 2790 1538 2822 et
1562 2786 1608 2821 de
1631 2786 1686 2821 Ro
1712 2802 1738 2815 ιι
1822 2797 1823 2802 ’

321 2831 613 2912 gagentoratensi
651 2835 820 2879 episcopo
856 2835 1101 2869 tantummodo
1142 2840 1299 2878 constat,
1338 2846 1399 2870 eos
1434 2835 1527 2870 clam
1562 2837 1680 2870 eastra
1711 2835 1788 2874 re·
1822 2864 1823 2867 ,

349 2882 535 2915 eset-uisse.
