<?xml version="1.0" encoding="UTF-8"?>
<!DOCTYPE html PUBLIC "-//W3C//DTD XHTML 1.0 Transitional//EN"
    "http://www.w3.org/TR/xhtml1/DTD/xhtml1-transitional.dtd">
<html xmlns="http://www.w3.org/1999/xhtml" xml:lang="en" lang="en">
 <head>
  <title>
</title>
<meta http-equiv="Content-Type" content="text/html;charset=utf-8" />
  <meta name='ocr-system' content='tesseract 3.04.00' />
  <meta name='ocr-capabilities' content='ocr_page ocr_carea ocr_par ocr_line ocrx_word'/>
</head>
<body>
  <div class='ocr_page' id='page_1' title='image "./liudprandiepisco00liuduoft_0100.png"; bbox 0 0 1838 3210; ppageno 0'>
   <div class='ocr_carea' id='block_1_1' title="bbox 344 240 387 272">
    <p class='ocr_par' dir='ltr' id='par_1_1' title="bbox 344 240 387 272">
     <span class='ocr_line' id='line_1_1' title="bbox 344 240 387 272; baseline 0 0"><span class='ocrx_word' id='word_1_1' title='bbox 344 240 387 272; x_wconf 81' lang='lat'>78</span> 
     </span>
    </p>
   </div>
   <div class='ocr_carea' id='block_1_2' title="bbox 406 686 467 1061">
    <p class='ocr_par' dir='ltr' id='par_1_2' title="bbox 406 686 467 1061">
     <span class='ocr_line' id='line_1_2' title="bbox 429 686 466 728; baseline -0.027 0"><span class='ocrx_word' id='word_1_2' title='bbox 429 686 466 728; x_wconf 84' lang='lat'>7.</span> 
     </span>
     <span class='ocr_line' id='line_1_3' title="bbox 428 799 467 839; baseline -0.026 0"><span class='ocrx_word' id='word_1_3' title='bbox 428 799 467 839; x_wconf 80' lang='lat'>8.</span> 
     </span>
     <span class='ocr_line' id='line_1_4' title="bbox 427 909 465 949; baseline 0.026 -1"><span class='ocrx_word' id='word_1_4' title='bbox 427 909 465 949; x_wconf 77' lang='lat'>9.</span> 
     </span>
     <span class='ocr_line' id='line_1_5' title="bbox 406 1021 467 1061; baseline 0 0"><span class='ocrx_word' id='word_1_5' title='bbox 406 1021 467 1061; x_wconf 88' lang='lat'>10.</span> 
     </span>
    </p>
   </div>
   <div class='ocr_carea' id='block_1_3' title="bbox 400 1189 467 2124">
    <p class='ocr_par' dir='ltr' id='par_1_3' title="bbox 400 1189 467 2124">
     <span class='ocr_line' id='line_1_6' title="bbox 405 1189 466 1230; baseline 0 0"><span class='ocrx_word' id='word_1_6' title='bbox 405 1189 466 1230; x_wconf 89' lang='grc'><strong>11.</strong></span> 
     </span>
     <span class='ocr_line' id='line_1_7' title="bbox 405 1300 467 1341; baseline -0.016 0"><span class='ocrx_word' id='word_1_7' title='bbox 405 1300 467 1341; x_wconf 97' lang='grc'>12.</span> 
     </span>
     <span class='ocr_line' id='line_1_8' title="bbox 404 1413 466 1455; baseline -0.016 0"><span class='ocrx_word' id='word_1_8' title='bbox 404 1413 466 1455; x_wconf 87' lang='grc'><strong>13.</strong></span> 
     </span>
     <span class='ocr_line' id='line_1_9' title="bbox 402 1524 466 1565; baseline 0 0"><span class='ocrx_word' id='word_1_9' title='bbox 402 1524 466 1565; x_wconf 88' lang='grc'>14.</span> 
     </span>
     <span class='ocr_line' id='line_1_10' title="bbox 402 1635 464 1678; baseline -0.032 0"><span class='ocrx_word' id='word_1_10' title='bbox 402 1635 464 1678; x_wconf 82' lang='lat'>15.</span> 
     </span>
     <span class='ocr_line' id='line_1_11' title="bbox 402 1747 464 1788; baseline 0 0"><span class='ocrx_word' id='word_1_11' title='bbox 402 1747 464 1788; x_wconf 89' lang='grc'>16.</span> 
     </span>
     <span class='ocr_line' id='line_1_12' title="bbox 400 1857 464 1899; baseline 0 -1"><span class='ocrx_word' id='word_1_12' title='bbox 400 1857 464 1899; x_wconf 77' lang='grc'><strong>17.</strong></span> 
     </span>
     <span class='ocr_line' id='line_1_13' title="bbox 402 1970 464 2012; baseline 0 -1"><span class='ocrx_word' id='word_1_13' title='bbox 402 1970 464 2012; x_wconf 87' lang='grc'><strong>18.</strong></span> 
     </span>
     <span class='ocr_line' id='line_1_14' title="bbox 403 2082 464 2124; baseline -0.033 0"><span class='ocrx_word' id='word_1_14' title='bbox 403 2082 464 2124; x_wconf 85' lang='grc'><strong>19.</strong></span> 
     </span>
    </p>
   </div>
   <div class='ocr_carea' id='block_1_4' title="bbox 398 2248 466 2624">
    <p class='ocr_par' dir='ltr' id='par_1_4' title="bbox 398 2248 466 2624">
     <span class='ocr_line' id='line_1_15' title="bbox 399 2248 466 2290; baseline 0 0"><span class='ocrx_word' id='word_1_15' title='bbox 399 2248 466 2290; x_wconf 90' lang='grc'>20.</span> 
     </span>
     <span class='ocr_line' id='line_1_16' title="bbox 398 2359 465 2401; baseline 0.015 -1"><span class='ocrx_word' id='word_1_16' title='bbox 398 2359 465 2401; x_wconf 91' lang='grc'>21.</span> 
     </span>
     <span class='ocr_line' id='line_1_17' title="bbox 399 2471 466 2512; baseline 0 0"><span class='ocrx_word' id='word_1_17' title='bbox 399 2471 466 2512; x_wconf 91' lang='grc'>22.</span> 
     </span>
     <span class='ocr_line' id='line_1_18' title="bbox 399 2582 465 2624; baseline 0 0"><span class='ocrx_word' id='word_1_18' title='bbox 399 2582 465 2624; x_wconf 87' lang='grc'>23.</span> 
     </span>
    </p>
   </div>
   <div class='ocr_carea' id='block_1_5' title="bbox 398 2693 465 2791">
    <p class='ocr_par' dir='ltr' id='par_1_5' title="bbox 398 2693 465 2791">
     <span class='ocr_line' id='line_1_19' title="bbox 399 2693 465 2735; baseline 0 -1"><span class='ocrx_word' id='word_1_19' title='bbox 399 2693 465 2735; x_wconf 84' lang='grc'>24.</span> 
     </span>
     <span class='ocr_line' id='line_1_20' title="bbox 398 2748 465 2791; baseline 0 -1"><span class='ocrx_word' id='word_1_20' title='bbox 398 2748 465 2791; x_wconf 78' lang='grc'>25.</span> 
     </span>
    </p>
   </div>
   <div class='ocr_carea' id='block_1_6' title="bbox 342 2873 547 2909">
    <p class='ocr_par' dir='ltr' id='par_1_6' title="bbox 342 2873 547 2909">
     <span class='ocr_line' id='line_1_21' title="bbox 342 2873 547 2909; baseline 0.015 -9"><span class='ocrx_word' id='word_1_21' title='bbox 342 2873 372 2909; x_wconf 78' lang='lat' dir='ltr'>a)</span> <span class='ocrx_word' id='word_1_22' title='bbox 392 2874 498 2902; x_wconf 71' lang='lat' dir='ltr'>brahio</span> <span class='ocrx_word' id='word_1_23' title='bbox 522 2879 547 2903; x_wconf 85' lang='lat'>1.</span> 
     </span>
    </p>
   </div>
   <div class='ocr_carea' id='block_1_7' title="bbox 629 232 1540 271">
    <p class='ocr_par' dir='ltr' id='par_1_7' title="bbox 629 232 1540 271">
     <span class='ocr_line' id='line_1_22' title="bbox 629 232 1540 271; baseline -0.004 -1"><span class='ocrx_word' id='word_1_24' title='bbox 629 235 931 271; x_wconf 80' lang='lat' dir='ltr'>LIUDPRANDI</span> <span class='ocrx_word' id='word_1_25' title='bbox 957 233 1302 268; x_wconf 76' lang='lat' dir='ltr'>ANTAPODOSIS.</span> <span class='ocrx_word' id='word_1_26' title='bbox 1353 233 1449 266; x_wconf 86' lang='lat' dir='ltr'><strong>LIB.</strong></span> <span class='ocrx_word' id='word_1_27' title='bbox 1475 232 1540 266; x_wconf 83' lang='lat' dir='ltr'>lv.</span> 
     </span>
    </p>
   </div>
   <div class='ocr_carea' id='block_1_8' title="bbox 507 343 1838 2811">
    <p class='ocr_par' dir='ltr' id='par_1_8' title="bbox 510 343 1838 782">
     <span class='ocr_line' id='line_1_23' title="bbox 512 343 1835 402; baseline -0.003 -10"><span class='ocrx_word' id='word_1_28' title='bbox 512 350 560 392; x_wconf 92' lang='lat' dir='ltr'>In</span> <span class='ocrx_word' id='word_1_29' title='bbox 592 348 788 391; x_wconf 86' lang='lat' dir='ltr'>Ianucnsi</span> <span class='ocrx_word' id='word_1_30' title='bbox 819 347 986 389; x_wconf 83' lang='lat' dir='ltr'>civitate</span> <span class='ocrx_word' id='word_1_31' title='bbox 1025 346 1118 388; x_wconf 84' lang='lat' dir='ltr'>fons</span> <span class='ocrx_word' id='word_1_32' title='bbox 1159 345 1378 400; x_wconf 80' lang='lat' dir='ltr'>sanguinis</span> <span class='ocrx_word' id='word_1_33' title='bbox 1416 343 1553 399; x_wconf 87' lang='lat' dir='ltr'>fluxit,</span> <span class='ocrx_word' id='word_1_34' title='bbox 1593 357 1677 402; x_wconf 87' lang='lat' dir='ltr'>quo</span> <span class='ocrx_word' id='word_1_35' title='bbox 1714 356 1835 389; x_wconf 66' lang='lat' dir='ltr'>anno·</span> 
     </span>
     <span class='ocr_line' id='line_1_24' title="bbox 512 401 1826 459; baseline -0.007 -12"><span class='ocrx_word' id='word_1_36' title='bbox 512 405 567 447; x_wconf 84' lang='lat' dir='ltr'>ab</span> <span class='ocrx_word' id='word_1_37' title='bbox 597 404 809 447; x_wconf 80' lang='lat' dir='ltr'>Africanis</span> <span class='ocrx_word' id='word_1_38' title='bbox 839 410 965 459; x_wconf 80' lang='lat' dir='ltr'>capta</span> <span class='ocrx_word' id='word_1_39' title='bbox 994 408 1057 444; x_wconf 84' lang='lat' dir='ltr'>est</span> <span class='ocrx_word' id='word_1_40' title='bbox 1087 401 1323 444; x_wconf 82' lang='lat' dir='ltr'>Saracenis.</span> <span class='ocrx_word' id='word_1_41' title='bbox 1820 411 1826 428; x_wconf 66' lang='lat'>*-</span> 
     </span>
     <span class='ocr_line' id='line_1_25' title="bbox 511 456 1833 515; baseline -0.002 -13"><span class='ocrx_word' id='word_1_42' title='bbox 511 463 609 515; x_wconf 76' lang='lat' dir='ltr'>Qua</span> <span class='ocrx_word' id='word_1_43' title='bbox 638 460 797 502; x_wconf 85' lang='lat' dir='ltr'>ratione</span> <span class='ocrx_word' id='word_1_44' title='bbox 827 458 1044 500; x_wconf 82' lang='lat' dir='ltr'>Manasses</span> <span class='ocrx_word' id='word_1_45' title='bbox 1070 456 1333 499; x_wconf 75' lang='lat' dir='ltr'>Arelatensis</span> <span class='ocrx_word' id='word_1_46' title='bbox 1362 456 1589 514; x_wconf 79' lang='lat' dir='ltr'>episeopus</span> <span class='ocrx_word' id='word_1_47' title='bbox 1608 457 1833 515; x_wconf 64' lang='lat' dir='ltr'>propriant</span> 
     </span>
     <span class='ocr_line' id='line_1_26' title="bbox 511 512 1838 570; baseline -0.002 -11"><span class='ocrx_word' id='word_1_48' title='bbox 511 515 732 559; x_wconf 81' lang='lat' dir='ltr'>aeclesiam</span> <span class='ocrx_word' id='word_1_49' title='bbox 763 514 998 557; x_wconf 86' lang='lat' dir='ltr'>deseruisse</span> <span class='ocrx_word' id='word_1_50' title='bbox 1018 528 1062 555; x_wconf 83' lang='lat' dir='ltr'>se</span> <span class='ocrx_word' id='word_1_51' title='bbox 1083 512 1198 555; x_wconf 86' lang='lat' dir='ltr'>dieat</span> <span class='ocrx_word' id='word_1_52' title='bbox 1226 519 1268 555; x_wconf 91' lang='lat' dir='ltr'>et</span> <span class='ocrx_word' id='word_1_53' title='bbox 1297 512 1421 554; x_wconf 89' lang='lat' dir='ltr'>aliam</span> <span class='ocrx_word' id='word_1_54' title='bbox 1451 512 1754 570; x_wconf 73' lang='lat' dir='ltr'>adsumpsisse,</span> <span class='ocrx_word' id='word_1_55' title='bbox 1783 514 1838 557; x_wconf 57' lang='lat' dir='ltr'>e?</span> 
     </span>
     <span class='ocr_line' id='line_1_27' title="bbox 511 568 1827 629; baseline -0.001 -16"><span class='ocrx_word' id='word_1_56' title='bbox 511 571 624 629; x_wconf 86' lang='lat' dir='ltr'>quod</span> <span class='ocrx_word' id='word_1_57' title='bbox 654 570 864 613; x_wconf 83' lang='lat' dir='ltr'>invectiva</span> <span class='ocrx_word' id='word_1_58' title='bbox 893 569 1166 625; x_wconf 82' lang='lat' dir='ltr'>responsione</span> <span class='ocrx_word' id='word_1_59' title='bbox 1195 576 1311 611; x_wconf 87' lang='lat' dir='ltr'>recte</span> <span class='ocrx_word' id='word_1_60' title='bbox 1341 583 1386 610; x_wconf 86' lang='lat' dir='ltr'>se</span> <span class='ocrx_word' id='word_1_61' title='bbox 1415 582 1500 612; x_wconf 89' lang='lat' dir='ltr'>non</span> <span class='ocrx_word' id='word_1_62' title='bbox 1529 568 1668 627; x_wconf 77' lang='lat' dir='ltr'>egisse</span> <span class='ocrx_word' id='word_1_63' title='bbox 1696 581 1827 628; x_wconf 74' lang='lat' dir='ltr'>senp-</span> 
     </span>
     <span class='ocr_line' id='line_1_28' title="bbox 511 623 1786 690; baseline -0.005 -20"><span class='ocrx_word' id='word_1_64' title='bbox 511 636 699 671; x_wconf 79' lang='lat' dir='ltr'>turm-um</span> <span class='ocrx_word' id='word_1_65' title='bbox 729 625 978 668; x_wconf 84' lang='lat' dir='ltr'>testimoniis</span> <span class='ocrx_word' id='word_1_66' title='bbox 1012 623 1324 690; x_wconf 75' lang='lat' dir='ltr'>comprobetur.</span> <span class='ocrx_word' id='word_1_67' title='bbox 1780 630 1786 639; x_wconf 74' lang='lat'><strong><em>⁵</em></strong></span> 
     </span>
     <span class='ocr_line' id='line_1_29' title="bbox 510 678 1833 738; baseline 0 -13"><span class='ocrx_word' id='word_1_68' title='bbox 510 685 648 737; x_wconf 75' lang='lat' dir='ltr'>Quam</span> <span class='ocrx_word' id='word_1_69' title='bbox 679 697 855 725; x_wconf 88' lang='lat' dir='ltr'>uxorem</span> <span class='ocrx_word' id='word_1_70' title='bbox 886 681 1168 737; x_wconf 79' lang='lat' dir='ltr'>Bcrcngarlus</span> <span class='ocrx_word' id='word_1_71' title='bbox 1204 680 1431 738; x_wconf 81' lang='lat' dir='ltr'>acceperit,</span> <span class='ocrx_word' id='word_1_72' title='bbox 1467 686 1510 724; x_wconf 86' lang='lat' dir='ltr'>et</span> <span class='ocrx_word' id='word_1_73' title='bbox 1538 679 1591 724; x_wconf 88' lang='lat' dir='ltr'>de</span> <span class='ocrx_word' id='word_1_74' title='bbox 1619 678 1833 725; x_wconf 71' lang='lat' dir='ltr'>Amen-io</span> 
     </span>
     <span class='ocr_line' id='line_1_30' title="bbox 510 739 765 782; baseline -0.012 0"><span class='ocrx_word' id='word_1_75' title='bbox 510 740 636 782; x_wconf 83' lang='lat' dir='ltr'>fratre</span> <span class='ocrx_word' id='word_1_76' title='bbox 663 739 765 780; x_wconf 84' lang='lat' dir='ltr'>cius.</span> 
     </span>
    </p>

    <p class='ocr_par' dir='ltr' id='par_1_9' title="bbox 512 790 1834 907">
     <span class='ocr_line' id='line_1_31' title="bbox 512 790 1834 850; baseline -0.002 -12"><span class='ocrx_word' id='word_1_77' title='bbox 512 796 579 838; x_wconf 93' lang='lat' dir='ltr'>De</span> <span class='ocrx_word' id='word_1_78' title='bbox 609 793 827 836; x_wconf 84' lang='lat' dir='ltr'>Tcdbaldo</span> <span class='ocrx_word' id='word_1_79' title='bbox 858 792 1113 846; x_wconf 85' lang='lat' dir='ltr'>marchione,</span> <span class='ocrx_word' id='word_1_80' title='bbox 1143 792 1214 849; x_wconf 87' lang='lat' dir='ltr'>qui</span> <span class='ocrx_word' id='word_1_81' title='bbox 1246 798 1394 835; x_wconf 88' lang='lat' dir='ltr'>eontra</span> <span class='ocrx_word' id='word_1_82' title='bbox 1413 790 1577 836; x_wconf 81' lang='lat' dir='ltr'>Grecos</span> <span class='ocrx_word' id='word_1_83' title='bbox 1604 793 1834 850; x_wconf 65' lang='lat' dir='ltr'>pugnavit,</span> 
     </span>
     <span class='ocr_line' id='line_1_32' title="bbox 512 850 968 907; baseline -0.009 -13"><span class='ocrx_word' id='word_1_84' title='bbox 512 858 553 894; x_wconf 87' lang='lat' dir='ltr'>et</span> <span class='ocrx_word' id='word_1_85' title='bbox 581 858 728 907; x_wconf 88' lang='lat' dir='ltr'>captos</span> <span class='ocrx_word' id='word_1_86' title='bbox 759 850 968 892; x_wconf 83' lang='lat' dir='ltr'>castravit.</span> 
     </span>
    </p>

    <p class='ocr_par' dir='ltr' id='par_1_10' title="bbox 511 903 1834 1014">
     <span class='ocr_line' id='line_1_33' title="bbox 511 903 1834 961; baseline 0 -13"><span class='ocrx_word' id='word_1_87' title='bbox 511 908 678 960; x_wconf 76' lang='lat' dir='ltr'>Quanto</span> <span class='ocrx_word' id='word_1_88' title='bbox 708 904 891 947; x_wconf 85' lang='lat' dir='ltr'>ludibrio</span> <span class='ocrx_word' id='word_1_89' title='bbox 922 903 1131 961; x_wconf 83' lang='lat' dir='ltr'>quaedam</span> <span class='ocrx_word' id='word_1_90' title='bbox 1171 903 1322 947; x_wconf 89' lang='lat' dir='ltr'>mulier</span> <span class='ocrx_word' id='word_1_91' title='bbox 1358 919 1481 946; x_wconf 81' lang='lat' dir='ltr'>suum</span> <span class='ocrx_word' id='word_1_92' title='bbox 1517 904 1730 959; x_wconf 72' lang='lat' dir='ltr'>maritum,</span> <span class='ocrx_word' id='word_1_93' title='bbox 1772 912 1834 949; x_wconf 60' lang='lat' dir='ltr'>ns</span> 
     </span>
     <span class='ocr_line' id='line_1_34' title="bbox 513 960 1010 1014; baseline -0.004 -10"><span class='ocrx_word' id='word_1_94' title='bbox 513 969 775 1014; x_wconf 84' lang='lat' dir='ltr'>castraretur,</span> <span class='ocrx_word' id='word_1_95' title='bbox 804 960 1010 1003; x_wconf 87' lang='lat' dir='ltr'>liberavit.</span> 
     </span>
    </p>

    <p class='ocr_par' dir='ltr' id='par_1_11' title="bbox 510 1015 1834 1173">
     <span class='ocr_line' id='line_1_35' title="bbox 512 1015 1828 1074; baseline 0 -14"><span class='ocrx_word' id='word_1_96' title='bbox 512 1019 605 1060; x_wconf 87' lang='lat' dir='ltr'>Rex</span> <span class='ocrx_word' id='word_1_97' title='bbox 652 1016 783 1073; x_wconf 89' lang='lat' dir='ltr'>Hugo</span> <span class='ocrx_word' id='word_1_98' title='bbox 835 1016 1006 1059; x_wconf 89' lang='lat' dir='ltr'>fratrem</span> <span class='ocrx_word' id='word_1_99' title='bbox 1064 1031 1186 1058; x_wconf 88' lang='lat' dir='ltr'>suum</span> <span class='ocrx_word' id='word_1_100' title='bbox 1241 1015 1476 1071; x_wconf 86' lang='lat' dir='ltr'>Bosonem,</span> <span class='ocrx_word' id='word_1_101' title='bbox 1525 1016 1599 1074; x_wconf 87' lang='lat' dir='ltr'>qui</span> <span class='ocrx_word' id='word_1_102' title='bbox 1653 1015 1828 1060; x_wconf 82' lang='lat' dir='ltr'>consilio</span> 
     </span>
     <span class='ocr_line' id='line_1_36' title="bbox 512 1071 1834 1171; baseline 0 -56"><span class='ocrx_word' id='word_1_103' title='bbox 512 1074 663 1171; x_wconf 61' lang='lat' dir='ltr'>uxolrifi</span> <span class='ocrx_word' id='word_1_104' title='bbox 704 1088 780 1115; x_wconf 84' lang='lat' dir='ltr'>sue</span> <span class='ocrx_word' id='word_1_105' title='bbox 821 1073 859 1115; x_wconf 87' lang='lat' dir='ltr'>ei</span> <span class='ocrx_word' id='word_1_106' title='bbox 903 1071 1092 1130; x_wconf 84' lang='lat' dir='ltr'>perfidus</span> <span class='ocrx_word' id='word_1_107' title='bbox 1136 1073 1352 1127; x_wconf 83' lang='lat' dir='ltr'>extiterat,</span> <span class='ocrx_word' id='word_1_108' title='bbox 1397 1073 1511 1131; x_wconf 85' lang='lat' dir='ltr'>cepit</span> <span class='ocrx_word' id='word_1_109' title='bbox 1552 1078 1595 1116; x_wconf 83' lang='lat' dir='ltr'>et</span> <span class='ocrx_word' id='word_1_110' title='bbox 1637 1071 1834 1116; x_wconf 80' lang='lat' dir='ltr'>custodio</span> 
     </span>
     <span class='ocr_line' id='line_1_37' title="bbox 510 1130 694 1173; baseline -0.011 0"><span class='ocrx_word' id='word_1_111' title='bbox 510 1137 575 1173; x_wconf 84' lang='lat' dir='ltr'>tra</span> <span class='ocrx_word' id='word_1_112' title='bbox 607 1130 637 1171; x_wconf 80' lang='grc' dir='ltr'>ἰ(</span> <span class='ocrx_word' id='word_1_113' title='bbox 653 1130 694 1172; x_wconf 88' lang='lat' dir='ltr'>‘t.</span> 
     </span>
    </p>

    <p class='ocr_par' dir='ltr' id='par_1_12' title="bbox 509 1183 1838 1620">
     <span class='ocr_line' id='line_1_38' title="bbox 511 1183 1838 1258; baseline 0.002 -31"><span class='ocrx_word' id='word_1_114' title='bbox 511 1185 703 1239; x_wconf 78' lang='lat' dir='ltr'>Qualiter</span> <span class='ocrx_word' id='word_1_115' title='bbox 722 1185 851 1241; x_wconf 89' lang='lat' dir='ltr'>Hugo</span> <span class='ocrx_word' id='word_1_116' title='bbox 872 1199 948 1227; x_wconf 86' lang='lat' dir='ltr'>rex</span> <span class='ocrx_word' id='word_1_117' title='bbox 968 1183 1156 1237; x_wconf 82' lang='lat' dir='ltr'>willam,</span> <span class='ocrx_word' id='word_1_118' title='bbox 1185 1184 1366 1227; x_wconf 85' lang='lat' dir='ltr'>Bosonis</span> <span class='ocrx_word' id='word_1_119' title='bbox 1393 1198 1587 1239; x_wconf 86' lang='lat' dir='ltr'>uxorem,</span> <span class='ocrx_word' id='word_1_120' title='bbox 1616 1184 1672 1228; x_wconf 81' lang='lat' dir='ltr'>ab</span> <span class='ocrx_word' id='word_1_121' title='bbox 1705 1183 1838 1258; x_wconf 56' lang='lat' dir='ltr'>mi</span> 
     </span>
     <span class='ocr_line' id='line_1_39' title="bbox 511 1239 1838 1297; baseline 0 -13"><span class='ocrx_word' id='word_1_122' title='bbox 511 1242 644 1295; x_wconf 89' lang='lat' dir='ltr'>eiecit,</span> <span class='ocrx_word' id='word_1_123' title='bbox 676 1250 716 1283; x_wconf 90' lang='lat' dir='ltr'>et</span> <span class='ocrx_word' id='word_1_124' title='bbox 745 1240 797 1283; x_wconf 89' lang='lat' dir='ltr'>de</span> <span class='ocrx_word' id='word_1_125' title='bbox 827 1239 966 1283; x_wconf 87' lang='lat' dir='ltr'>balteo</span> <span class='ocrx_word' id='word_1_126' title='bbox 996 1241 1109 1297; x_wconf 85' lang='lat' dir='ltr'>turpi</span> <span class='ocrx_word' id='word_1_127' title='bbox 1139 1241 1182 1282; x_wconf 89' lang='lat' dir='ltr'>in</span> <span class='ocrx_word' id='word_1_128' title='bbox 1211 1239 1306 1284; x_wconf 86' lang='lat' dir='ltr'>loco</span> <span class='ocrx_word' id='word_1_129' title='bbox 1335 1241 1519 1284; x_wconf 87' lang='lat' dir='ltr'>invento.</span> <span class='ocrx_word' id='word_1_130' title='bbox 1811 1246 1814 1250; x_wconf 84' lang='grc'><strong>’</strong></span> <span class='ocrx_word' id='word_1_131' title='bbox 1837 1259 1838 1262; x_wconf 60' lang='grc'>’</span> 
     </span>
     <span class='ocr_line' id='line_1_40' title="bbox 512 1295 1826 1355; baseline 0 -15"><span class='ocrx_word' id='word_1_132' title='bbox 512 1298 580 1340; x_wconf 90' lang='lat' dir='ltr'>De</span> <span class='ocrx_word' id='word_1_133' title='bbox 600 1304 733 1339; x_wconf 88' lang='lat' dir='ltr'>morte</span> <span class='ocrx_word' id='word_1_134' title='bbox 755 1296 923 1338; x_wconf 85' lang='lat' dir='ltr'>Rodulfi</span> <span class='ocrx_word' id='word_1_135' title='bbox 943 1297 1068 1353; x_wconf 86' lang='lat' dir='ltr'>regis,</span> <span class='ocrx_word' id='word_1_136' title='bbox 1099 1298 1219 1339; x_wconf 87' lang='lat' dir='ltr'>cuius</span> <span class='ocrx_word' id='word_1_137' title='bbox 1246 1311 1423 1340; x_wconf 87' lang='lat' dir='ltr'>uxorem</span> <span class='ocrx_word' id='word_1_138' title='bbox 1443 1311 1521 1340; x_wconf 86' lang='lat' dir='ltr'>rex</span> <span class='ocrx_word' id='word_1_139' title='bbox 1540 1295 1671 1355; x_wconf 84' lang='lat' dir='ltr'>Hugo</span> <span class='ocrx_word' id='word_1_140' title='bbox 1694 1296 1826 1354; x_wconf 82' lang='lat' dir='ltr'>ducit,</span> 
     </span>
     <span class='ocr_line' id='line_1_41' title="bbox 512 1351 1269 1396; baseline -0.001 0"><span class='ocrx_word' id='word_1_141' title='bbox 512 1369 629 1396; x_wconf 88' lang='lat' dir='ltr'>suam</span> <span class='ocrx_word' id='word_1_142' title='bbox 663 1368 715 1395; x_wconf 88' lang='lat' dir='ltr'>ue</span> <span class='ocrx_word' id='word_1_143' title='bbox 746 1351 874 1394; x_wconf 88' lang='lat' dir='ltr'>filiam</span> <span class='ocrx_word' id='word_1_144' title='bbox 905 1367 981 1395; x_wconf 90' lang='lat' dir='ltr'>suo</span> <span class='ocrx_word' id='word_1_145' title='bbox 1011 1352 1096 1394; x_wconf 88' lang='lat' dir='ltr'>filio</span> <span class='ocrx_word' id='word_1_146' title='bbox 1128 1352 1269 1395; x_wconf 85' lang='lat' dir='ltr'>tradit.</span> 
     </span>
     <span class='ocr_line' id='line_1_42' title="bbox 510 1369 1750 1466; baseline 0 -14"><span class='ocrx_word' id='word_1_147' title='bbox 510 1410 578 1452; x_wconf 91' lang='lat' dir='ltr'>De</span> <span class='ocrx_word' id='word_1_148' title='bbox 615 1369 800 1465; x_wconf 51' lang='lat' dir='ltr'>Isiugone</span> <span class='ocrx_word' id='word_1_149' title='bbox 837 1423 950 1466; x_wconf 87' lang='lat' dir='ltr'>rege,</span> <span class='ocrx_word' id='word_1_150' title='bbox 989 1409 1061 1466; x_wconf 92' lang='lat' dir='ltr'>qui</span> <span class='ocrx_word' id='word_1_151' title='bbox 1102 1423 1279 1452; x_wconf 83' lang='lat' dir='ltr'>uxorem</span> <span class='ocrx_word' id='word_1_152' title='bbox 1319 1423 1439 1452; x_wconf 88' lang='lat' dir='ltr'>suam</span> <span class='ocrx_word' id='word_1_153' title='bbox 1475 1409 1531 1453; x_wconf 88' lang='lat' dir='ltr'>ob</span> <span class='ocrx_word' id='word_1_154' title='bbox 1569 1407 1750 1453; x_wconf 81' lang='lat' dir='ltr'>concub&#39;</span> 
     </span>
     <span class='ocr_line' id='line_1_43' title="bbox 509 1463 823 1508; baseline -0.01 0"><span class='ocrx_word' id='word_1_155' title='bbox 509 1466 634 1508; x_wconf 86' lang='lat' dir='ltr'>hodio</span> <span class='ocrx_word' id='word_1_156' title='bbox 664 1463 823 1507; x_wconf 89' lang='lat' dir='ltr'>habuit.</span> 
     </span>
     <span class='ocr_line' id='line_1_44' title="bbox 510 1520 1803 1619; baseline 0.001 -55"><span class='ocrx_word' id='word_1_157' title='bbox 510 1522 582 1619; x_wconf 58' lang='lat' dir='ltr'>DIE</span> <span class='ocrx_word' id='word_1_158' title='bbox 617 1528 750 1563; x_wconf 85' lang='lat' dir='ltr'>morte</span> <span class='ocrx_word' id='word_1_159' title='bbox 789 1520 980 1563; x_wconf 85' lang='lat' dir='ltr'>Heinriei</span> <span class='ocrx_word' id='word_1_160' title='bbox 1019 1521 1132 1577; x_wconf 87' lang='lat' dir='ltr'>regis</span> <span class='ocrx_word' id='word_1_161' title='bbox 1171 1527 1212 1563; x_wconf 90' lang='lat' dir='ltr'>et</span> <span class='ocrx_word' id='word_1_162' title='bbox 1246 1521 1321 1564; x_wconf 91' lang='lat' dir='ltr'>ubi</span> <span class='ocrx_word' id='word_1_163' title='bbox 1359 1521 1414 1565; x_wconf 81' lang='lat' dir='ltr'>sit</span> <span class='ocrx_word' id='word_1_164' title='bbox 1448 1521 1660 1576; x_wconf 81' lang='lat' dir='ltr'>humatus,</span> <span class='ocrx_word' id='word_1_165' title='bbox 1703 1527 1746 1565; x_wconf 88' lang='lat' dir='ltr'>et</span> <span class='ocrx_word' id='word_1_166' title='bbox 1773 1520 1803 1565; x_wconf 85' lang='lat' dir='ltr'>d</span> 
     </span>
     <span class='ocr_line' id='line_1_45' title="bbox 510 1578 737 1620; baseline -0.004 -1"><span class='ocrx_word' id='word_1_167' title='bbox 510 1578 538 1619; x_wconf 87' lang='lat' dir='ltr'>fi</span> <span class='ocrx_word' id='word_1_168' title='bbox 557 1578 606 1620; x_wconf 78' lang='lat' dir='ltr'>”s</span> <span class='ocrx_word' id='word_1_169' title='bbox 634 1578 737 1619; x_wconf 90' lang='lat' dir='ltr'>eius.</span> 
     </span>
    </p>

    <p class='ocr_par' dir='ltr' id='par_1_13' title="bbox 509 1632 1727 1746">
     <span class='ocr_line' id='line_1_46' title="bbox 509 1632 1727 1691; baseline 0.002 -15"><span class='ocrx_word' id='word_1_170' title='bbox 509 1634 576 1676; x_wconf 94' lang='lat' dir='ltr'>De</span> <span class='ocrx_word' id='word_1_171' title='bbox 606 1632 830 1690; x_wconf 82' lang='lat' dir='ltr'>prudentia</span> <span class='ocrx_word' id='word_1_172' title='bbox 848 1632 1041 1675; x_wconf 87' lang='lat' dir='ltr'>Heinriei</span> <span class='ocrx_word' id='word_1_173' title='bbox 1070 1634 1196 1690; x_wconf 86' lang='lat' dir='ltr'>regis,</span> <span class='ocrx_word' id='word_1_174' title='bbox 1226 1634 1300 1691; x_wconf 90' lang='lat' dir='ltr'>qui</span> <span class='ocrx_word' id='word_1_175' title='bbox 1324 1632 1459 1676; x_wconf 87' lang='lat' dir='ltr'>filium</span> <span class='ocrx_word' id='word_1_176' title='bbox 1478 1646 1604 1677; x_wconf 85' lang='lat' dir='ltr'>suum</span> <span class='ocrx_word' id='word_1_177' title='bbox 1624 1633 1727 1678; x_wconf 82' lang='lat' dir='ltr'>Otto</span> 
     </span>
     <span class='ocr_line' id='line_1_47' title="bbox 509 1689 910 1746; baseline -0.002 -15"><span class='ocrx_word' id='word_1_178' title='bbox 509 1704 653 1746; x_wconf 89' lang='lat' dir='ltr'>regem</span> <span class='ocrx_word' id='word_1_179' title='bbox 684 1689 910 1731; x_wconf 82' lang='lat' dir='ltr'>constituit.</span> 
     </span>
    </p>

    <p class='ocr_par' dir='ltr' id='par_1_14' title="bbox 507 1744 1826 2249">
     <span class='ocr_line' id='line_1_48' title="bbox 507 1744 1784 1803; baseline 0.001 -15"><span class='ocrx_word' id='word_1_180' title='bbox 507 1746 576 1788; x_wconf 90' lang='lat' dir='ltr'>De</span> <span class='ocrx_word' id='word_1_181' title='bbox 606 1744 692 1787; x_wconf 83' lang='lat' dir='ltr'>filia</span> <span class='ocrx_word' id='word_1_182' title='bbox 721 1745 860 1787; x_wconf 82' lang='lat' dir='ltr'>fratris</span> <span class='ocrx_word' id='word_1_183' title='bbox 889 1745 1001 1800; x_wconf 87' lang='lat' dir='ltr'>regis</span> <span class='ocrx_word' id='word_1_184' title='bbox 1030 1745 1284 1801; x_wconf 87' lang='lat' dir='ltr'>Anglorum,</span> <span class='ocrx_word' id='word_1_185' title='bbox 1326 1758 1452 1803; x_wconf 81' lang='lat' dir='ltr'>quam</span> <span class='ocrx_word' id='word_1_186' title='bbox 1491 1759 1567 1789; x_wconf 79' lang='lat' dir='ltr'>rex</span> <span class='ocrx_word' id='word_1_187' title='bbox 1597 1744 1700 1789; x_wconf 83' lang='lat' dir='ltr'>Otto</span> <span class='ocrx_word' id='word_1_188' title='bbox 1729 1758 1784 1788; x_wconf 77' lang='lat' dir='ltr'>an</span> 
     </span>
     <span class='ocr_line' id='line_1_49' title="bbox 508 1801 1141 1858; baseline 0.002 -15"><span class='ocrx_word' id='word_1_189' title='bbox 508 1802 630 1858; x_wconf 89' lang='lat' dir='ltr'>regni</span> <span class='ocrx_word' id='word_1_190' title='bbox 661 1802 975 1858; x_wconf 86' lang='lat' dir='ltr'>susceptionem</span> <span class='ocrx_word' id='word_1_191' title='bbox 1005 1801 1141 1844; x_wconf 77' lang='lat' dir='ltr'>duxit.</span> 
     </span>
     <span class='ocr_line' id='line_1_50' title="bbox 507 1854 1825 1955; baseline 0.002 -57"><span class='ocrx_word' id='word_1_192' title='bbox 507 1858 584 1955; x_wconf 47' lang='lat' dir='ltr'>De)</span> <span class='ocrx_word' id='word_1_193' title='bbox 606 1857 821 1954; x_wconf 48' lang='lat' dir='ltr'>Ilffheingico,</span> <span class='ocrx_word' id='word_1_194' title='bbox 850 1858 922 1914; x_wconf 92' lang='lat' dir='ltr'>qui</span> <span class='ocrx_word' id='word_1_195' title='bbox 951 1872 1247 1914; x_wconf 85' lang='lat' dir='ltr'>perversorum</span> <span class='ocrx_word' id='word_1_196' title='bbox 1272 1857 1491 1900; x_wconf 87' lang='lat' dir='ltr'>hominum</span> <span class='ocrx_word' id='word_1_197' title='bbox 1511 1854 1688 1902; x_wconf 83' lang='lat' dir='ltr'>consilio</span> <span class='ocrx_word' id='word_1_198' title='bbox 1706 1856 1773 1900; x_wconf 78' lang='lat' dir='ltr'>fra</span> <span class='ocrx_word' id='word_1_199' title='bbox 1813 1857 1825 1868; x_wconf 85' lang='lat'>&#39;</span> 
     </span>
     <span class='ocr_line' id='line_1_51' title="bbox 510 1919 767 1955; baseline -0.004 0"><span class='ocrx_word' id='word_1_200' title='bbox 510 1928 555 1955; x_wconf 90' lang='lat' dir='ltr'>re</span> <span class='ocrx_word' id='word_1_201' title='bbox 588 1928 610 1955; x_wconf 91' lang='lat' dir='ltr'>e</span> <span class='ocrx_word' id='word_1_202' title='bbox 658 1928 677 1954; x_wconf 86' lang='lat' dir='ltr'>s</span> <span class='ocrx_word' id='word_1_203' title='bbox 739 1919 767 1955; x_wconf 88' lang='lat' dir='ltr'>t.</span> 
     </span>
     <span class='ocr_line' id='line_1_52' title="bbox 507 1968 1826 2023; baseline 0.002 -13"><span class='ocrx_word' id='word_1_204' title='bbox 507 1969 684 2011; x_wconf 89' lang='lat' dir='ltr'>Metrice</span> <span class='ocrx_word' id='word_1_205' title='bbox 714 1969 925 2011; x_wconf 79' lang='lat' dir='ltr'>invectiva</span> <span class='ocrx_word' id='word_1_206' title='bbox 954 1970 1087 2011; x_wconf 86' lang='lat' dir='ltr'>oratio</span> <span class='ocrx_word' id='word_1_207' title='bbox 1116 1970 1171 2012; x_wconf 86' lang='lat' dir='ltr'>ad</span> <span class='ocrx_word' id='word_1_208' title='bbox 1201 1969 1465 2023; x_wconf 87' lang='lat' dir='ltr'>Heinrieum,</span> <span class='ocrx_word' id='word_1_209' title='bbox 1494 1975 1537 2012; x_wconf 88' lang='lat' dir='ltr'>et</span> <span class='ocrx_word' id='word_1_210' title='bbox 1566 1975 1713 2012; x_wconf 75' lang='lat' dir='ltr'>eontra</span> <span class='ocrx_word' id='word_1_211' title='bbox 1739 1968 1826 2012; x_wconf 75' lang='lat' dir='ltr'>dia-</span> 
     </span>
     <span class='ocr_line' id='line_1_53' title="bbox 508 2024 1732 2083; baseline 0.002 -17"><span class='ocrx_word' id='word_1_212' title='bbox 508 2024 666 2078; x_wconf 90' lang='lat' dir='ltr'>bolum,</span> <span class='ocrx_word' id='word_1_213' title='bbox 696 2026 816 2067; x_wconf 82' lang='lat' dir='ltr'>cuius</span> <span class='ocrx_word' id='word_1_214' title='bbox 846 2039 974 2081; x_wconf 87' lang='lat' dir='ltr'>opera</span> <span class='ocrx_word' id='word_1_215' title='bbox 1004 2040 1101 2067; x_wconf 89' lang='lat' dir='ltr'>eum</span> <span class='ocrx_word' id='word_1_216' title='bbox 1130 2027 1260 2068; x_wconf 88' lang='lat' dir='ltr'>fratre</span> <span class='ocrx_word' id='word_1_217' title='bbox 1287 2041 1316 2083; x_wconf 92' lang='lat' dir='ltr'>p</span> <span class='ocrx_word' id='word_1_218' title='bbox 1508 2024 1732 2069; x_wconf 75' lang='lat' dir='ltr'>desiderat.</span> 
     </span>
     <span class='ocr_line' id='line_1_54' title="bbox 508 2080 1823 2146; baseline 0.002 -24"><span class='ocrx_word' id='word_1_219' title='bbox 508 2081 576 2123; x_wconf 93' lang='lat' dir='ltr'>De</span> <span class='ocrx_word' id='word_1_220' title='bbox 605 2080 869 2135; x_wconf 87' lang='lat' dir='ltr'>Heverardo,</span> <span class='ocrx_word' id='word_1_221' title='bbox 900 2082 973 2138; x_wconf 86' lang='lat' dir='ltr'>qui</span> <span class='ocrx_word' id='word_1_222' title='bbox 1002 2081 1254 2124; x_wconf 89' lang='lat' dir='ltr'>Heinrieum</span> <span class='ocrx_word' id='word_1_223' title='bbox 1377 2095 1433 2125; x_wconf 82' lang='lat' dir='ltr'>ue</span> <span class='ocrx_word' id='word_1_224' title='bbox 1466 2081 1560 2146; x_wconf 79' lang='lat' dir='ltr'>regi</span> <span class='ocrx_word' id='word_1_225' title='bbox 1595 2096 1673 2124; x_wconf 86' lang='lat' dir='ltr'>suo</span> <span class='ocrx_word' id='word_1_226' title='bbox 1706 2081 1772 2125; x_wconf 72' lang='lat' dir='ltr'>fra</span> <span class='ocrx_word' id='word_1_227' title='bbox 1813 2081 1823 2092; x_wconf 87' lang='grc'><em>“</em></span> 
     </span>
     <span class='ocr_line' id='line_1_55' title="bbox 509 2135 1804 2194; baseline 0.002 -16"><span class='ocrx_word' id='word_1_228' title='bbox 509 2136 674 2180; x_wconf 89' lang='lat' dir='ltr'>fidelem</span> <span class='ocrx_word' id='word_1_229' title='bbox 695 2137 739 2178; x_wconf 89' lang='lat' dir='ltr'>in</span> <span class='ocrx_word' id='word_1_230' title='bbox 768 2136 938 2180; x_wconf 86' lang='lat' dir='ltr'>castello</span> <span class='ocrx_word' id='word_1_231' title='bbox 969 2137 1155 2194; x_wconf 89' lang='lat' dir='ltr'>quodam</span> <span class='ocrx_word' id='word_1_232' title='bbox 1184 2137 1408 2194; x_wconf 84' lang='lat' dir='ltr'>degentem</span> <span class='ocrx_word' id='word_1_233' title='bbox 1438 2137 1559 2180; x_wconf 65' lang='lat' dir='ltr'>initio</span> <span class='ocrx_word' id='word_1_234' title='bbox 1587 2135 1759 2181; x_wconf 87' lang='lat' dir='ltr'>rebellio</span> <span class='ocrx_word' id='word_1_235' title='bbox 1791 2137 1804 2148; x_wconf 77' lang='lat'><em>⁶</em></span> 
     </span>
     <span class='ocr_line' id='line_1_56' title="bbox 508 2193 1310 2249; baseline 0.001 -14"><span class='ocrx_word' id='word_1_236' title='bbox 508 2207 608 2235; x_wconf 85' lang='lat' dir='ltr'>suae</span> <span class='ocrx_word' id='word_1_237' title='bbox 638 2193 752 2249; x_wconf 89' lang='lat' dir='ltr'>cepit</span> <span class='ocrx_word' id='word_1_238' title='bbox 780 2199 821 2235; x_wconf 89' lang='lat' dir='ltr'>et</span> <span class='ocrx_word' id='word_1_239' title='bbox 848 2194 891 2234; x_wconf 89' lang='lat' dir='ltr'>in</span> <span class='ocrx_word' id='word_1_240' title='bbox 919 2194 1143 2236; x_wconf 87' lang='lat' dir='ltr'>Franciam</span> <span class='ocrx_word' id='word_1_241' title='bbox 1174 2194 1310 2236; x_wconf 82' lang='lat' dir='ltr'>duxit.</span> 
     </span>
    </p>

    <p class='ocr_par' dir='ltr' id='par_1_15' title="bbox 510 2248 1742 2347">
     <span class='ocr_line' id='line_1_57' title="bbox 510 2248 1742 2313; baseline 0.003 -24"><span class='ocrx_word' id='word_1_242' title='bbox 510 2249 608 2313; x_wconf 75' lang='lat' dir='ltr'>Qua</span> <span class='ocrx_word' id='word_1_243' title='bbox 634 2249 797 2313; x_wconf 74' lang='lat' dir='ltr'>ratione</span> <span class='ocrx_word' id='word_1_244' title='bbox 820 2249 1093 2292; x_wconf 85' lang='lat' dir='ltr'>Heverardus</span> <span class='ocrx_word' id='word_1_245' title='bbox 1114 2249 1401 2294; x_wconf 81' lang='lat' dir='ltr'>Gislebertum</span> <span class='ocrx_word' id='word_1_246' title='bbox 1431 2265 1458 2292; x_wconf 84' lang='lat' dir='ltr'>a</span> <span class='ocrx_word' id='word_1_247' title='bbox 1484 2250 1598 2306; x_wconf 86' lang='lat' dir='ltr'>regis</span> <span class='ocrx_word' id='word_1_248' title='bbox 1626 2248 1742 2293; x_wconf 85' lang='lat' dir='ltr'>fideli</span> 
     </span>
     <span class='ocr_line' id='line_1_58' title="bbox 510 2312 752 2347; baseline 0 -1"><span class='ocrx_word' id='word_1_249' title='bbox 510 2312 752 2347; x_wconf 77' lang='lat' dir='ltr'>seiunxerlt.</span> 
     </span>
    </p>

    <p class='ocr_par' dir='ltr' id='par_1_16' title="bbox 507 2358 1820 2811">
     <span class='ocr_line' id='line_1_59' title="bbox 511 2358 1812 2405; baseline 0.002 -3"><span class='ocrx_word' id='word_1_250' title='bbox 511 2358 774 2402; x_wconf 82' lang='lat' dir='ltr'>Gislebertus</span> <span class='ocrx_word' id='word_1_251' title='bbox 806 2367 847 2403; x_wconf 91' lang='lat' dir='ltr'>et</span> <span class='ocrx_word' id='word_1_252' title='bbox 875 2360 1148 2404; x_wconf 86' lang='lat' dir='ltr'>Heverardus</span> <span class='ocrx_word' id='word_1_253' title='bbox 1177 2362 1427 2405; x_wconf 88' lang='lat' dir='ltr'>Heinrieum</span> <span class='ocrx_word' id='word_1_254' title='bbox 1462 2361 1515 2405; x_wconf 89' lang='lat' dir='ltr'>de</span> <span class='ocrx_word' id='word_1_255' title='bbox 1545 2360 1738 2405; x_wconf 78' lang='lat' dir='ltr'>custodia</span> <span class='ocrx_word' id='word_1_256' title='bbox 1765 2359 1812 2404; x_wconf 85' lang='lat' dir='ltr'>di</span> 
     </span>
     <span class='ocr_line' id='line_1_60' title="bbox 509 2416 691 2458; baseline 0.011 -2"><span class='ocrx_word' id='word_1_257' title='bbox 509 2416 691 2458; x_wconf 77' lang='lat' dir='ltr'>mittunt.</span> 
     </span>
     <span class='ocr_line' id='line_1_61' title="bbox 511 2471 1820 2532; baseline 0.004 -20"><span class='ocrx_word' id='word_1_258' title='bbox 511 2471 607 2524; x_wconf 80' lang='lat' dir='ltr'>Qua</span> <span class='ocrx_word' id='word_1_259' title='bbox 637 2471 862 2514; x_wconf 84' lang='lat' dir='ltr'>ealliditate</span> <span class='ocrx_word' id='word_1_260' title='bbox 892 2472 1164 2517; x_wconf 84' lang='lat' dir='ltr'>Heverardus</span> <span class='ocrx_word' id='word_1_261' title='bbox 1184 2474 1436 2517; x_wconf 88' lang='lat' dir='ltr'>Heinrieum</span> <span class='ocrx_word' id='word_1_262' title='bbox 1465 2480 1591 2532; x_wconf 83' lang='lat' dir='ltr'>atque</span> <span class='ocrx_word' id='word_1_263' title='bbox 1612 2471 1820 2517; x_wconf 73' lang='lat' dir='ltr'>Gisleber·</span> 
     </span>
     <span class='ocr_line' id='line_1_62' title="bbox 508 2527 1528 2587; baseline 0.003 -19"><span class='ocrx_word' id='word_1_264' title='bbox 508 2533 599 2568; x_wconf 88' lang='lat' dir='ltr'>tum</span> <span class='ocrx_word' id='word_1_265' title='bbox 629 2528 674 2569; x_wconf 88' lang='lat' dir='ltr'>in</span> <span class='ocrx_word' id='word_1_266' title='bbox 701 2527 755 2570; x_wconf 88' lang='lat' dir='ltr'>ad</span> <span class='ocrx_word' id='word_1_267' title='bbox 787 2528 962 2571; x_wconf 85' lang='lat' dir='ltr'>uirendo</span> <span class='ocrx_word' id='word_1_268' title='bbox 991 2544 1124 2586; x_wconf 87' lang='lat' dir='ltr'>regno</span> <span class='ocrx_word' id='word_1_269' title='bbox 1155 2530 1352 2587; x_wconf 87' lang='lat' dir='ltr'>decipere</span> <span class='ocrx_word' id='word_1_270' title='bbox 1381 2529 1528 2573; x_wconf 89' lang='lat' dir='ltr'>voluit.</span> 
     </span>
     <span class='ocr_line' id='line_1_63' title="bbox 507 2582 1793 2643; baseline 0.002 -18"><span class='ocrx_word' id='word_1_271' title='bbox 507 2582 576 2625; x_wconf 89' lang='lat' dir='ltr'>De</span> <span class='ocrx_word' id='word_1_272' title='bbox 605 2583 766 2626; x_wconf 81' lang='lat' dir='ltr'>admira</span> <span class='ocrx_word' id='word_1_273' title='bbox 797 2583 842 2626; x_wconf 87' lang='lat' dir='ltr'>ili</span> <span class='ocrx_word' id='word_1_274' title='bbox 868 2585 1046 2628; x_wconf 85' lang='lat' dir='ltr'>victoria</span> <span class='ocrx_word' id='word_1_275' title='bbox 1073 2601 1201 2643; x_wconf 85' lang='lat' dir='ltr'>quam</span> <span class='ocrx_word' id='word_1_276' title='bbox 1230 2601 1309 2628; x_wconf 86' lang='lat' dir='ltr'>rex</span> <span class='ocrx_word' id='word_1_277' title='bbox 1330 2586 1432 2630; x_wconf 71' lang='lat' dir='ltr'>Otto</span> <span class='ocrx_word' id='word_1_278' title='bbox 1452 2585 1611 2629; x_wconf 84' lang='lat' dir='ltr'>orando</span> <span class='ocrx_word' id='word_1_279' title='bbox 1631 2600 1686 2642; x_wconf 88' lang='lat' dir='ltr'>op</span> <span class='ocrx_word' id='word_1_280' title='bbox 1707 2585 1718 2595; x_wconf 73' lang='lat'>⁸</span> <span class='ocrx_word' id='word_1_281' title='bbox 1781 2585 1793 2595; x_wconf 86' lang='grc'><strong>”</strong></span> 
     </span>
     <span class='ocr_line' id='line_1_64' title="bbox 511 2638 1434 2685; baseline 0.005 -5"><span class='ocrx_word' id='word_1_282' title='bbox 511 2646 552 2680; x_wconf 90' lang='lat' dir='ltr'>et</span> <span class='ocrx_word' id='word_1_283' title='bbox 579 2638 633 2681; x_wconf 88' lang='lat' dir='ltr'>de</span> <span class='ocrx_word' id='word_1_284' title='bbox 661 2639 865 2682; x_wconf 88' lang='lat' dir='ltr'>Heinrieo</span> <span class='ocrx_word' id='word_1_285' title='bbox 895 2641 938 2682; x_wconf 91' lang='lat' dir='ltr'>in</span> <span class='ocrx_word' id='word_1_286' title='bbox 967 2640 1169 2684; x_wconf 73' lang='lat' dir='ltr'>braehi0³</span> <span class='ocrx_word' id='word_1_287' title='bbox 1197 2642 1434 2685; x_wconf 81' lang='lat' dir='ltr'>vulnerato.</span> 
     </span>
     <span class='ocr_line' id='line_1_65' title="bbox 510 2693 1792 2755; baseline 0.005 -20"><span class='ocrx_word' id='word_1_288' title='bbox 510 2693 702 2747; x_wconf 81' lang='lat' dir='ltr'>Qualiter</span> <span class='ocrx_word' id='word_1_289' title='bbox 729 2711 806 2738; x_wconf 84' lang='lat' dir='ltr'>rex</span> <span class='ocrx_word' id='word_1_290' title='bbox 835 2696 1062 2739; x_wconf 72' lang='lat' dir='ltr'>Heimicus</span> <span class='ocrx_word' id='word_1_291' title='bbox 1092 2706 1282 2741; x_wconf 83' lang='lat' dir='ltr'>sanctam</span> <span class='ocrx_word' id='word_1_292' title='bbox 1315 2697 1507 2741; x_wconf 85' lang='lat' dir='ltr'>lanceam</span> <span class='ocrx_word' id='word_1_293' title='bbox 1535 2696 1732 2755; x_wconf 78' lang='lat' dir='ltr'>adquisiv</span> <span class='ocrx_word' id='word_1_294' title='bbox 1780 2697 1792 2707; x_wconf 87' lang='lat'>&#39;</span> 
     </span>
     <span class='ocr_line' id='line_1_66' title="bbox 508 2749 1751 2811; baseline 0.004 -20"><span class='ocrx_word' id='word_1_295' title='bbox 508 2749 818 2807; x_wconf 88' lang='lat' dir='ltr'>Argumentum</span> <span class='ocrx_word' id='word_1_296' title='bbox 858 2767 912 2794; x_wconf 88' lang='lat' dir='ltr'>ex</span> <span class='ocrx_word' id='word_1_297' title='bbox 949 2753 1168 2810; x_wconf 86' lang='lat' dir='ltr'>seripturis</span> <span class='ocrx_word' id='word_1_298' title='bbox 1211 2754 1380 2809; x_wconf 86' lang='lat' dir='ltr'>sanctis,</span> <span class='ocrx_word' id='word_1_299' title='bbox 1425 2753 1540 2811; x_wconf 90' lang='lat' dir='ltr'>quod</span> <span class='ocrx_word' id='word_1_300' title='bbox 1582 2752 1751 2796; x_wconf 81' lang='lat' dir='ltr'>huiusm</span> 
     </span>
    </p>
   </div>
   <div class='ocr_carea' id='block_1_9' title="bbox 1733 1385 1838 3210">
    <p class='ocr_par' dir='ltr' id='par_1_17' title="bbox 1733 1385 1838 3210">
     <span class='ocr_line' id='line_1_67' title="bbox 1735 1385 1838 1495; baseline 0.029 -3"><span class='ocrx_word' id='word_1_301' title='bbox 1735 1385 1838 1495; x_wconf 95' lang='lat' dir='ltr'>  </span> 
     </span>
     <span class='ocr_line' id='line_1_68' title="bbox 1733 1495 1838 1715; baseline 0 -110"><span class='ocrx_word' id='word_1_302' title='bbox 1733 1495 1838 1715; x_wconf 95' lang='lat' dir='ltr'>  </span> 
     </span>
     <span class='ocr_line' id='line_1_69' title="bbox 1773 1715 1838 2050; baseline 0.046 -109"><span class='ocrx_word' id='word_1_303' title='bbox 1773 1715 1838 2050; x_wconf 95' lang='lat' dir='ltr'>    </span> 
     </span>
     <span class='ocr_line' id='line_1_70' title="bbox 1759 2050 1838 2223; baseline 0 -43"><span class='ocrx_word' id='word_1_304' title='bbox 1759 2050 1838 2223; x_wconf 95' lang='lat' dir='ltr'>  </span> 
     </span>
     <span class='ocr_line' id='line_1_71' title="bbox 1742 2223 1838 2428; baseline 0 0"><span class='ocrx_word' id='word_1_305' title='bbox 1742 2223 1838 2428; x_wconf 95' lang='lat' dir='ltr'>  </span> 
     </span>
     <span class='ocr_line' id='line_1_72' title="bbox 1733 2428 1838 2562; baseline 0 0"><span class='ocrx_word' id='word_1_306' title='bbox 1733 2428 1838 2562; x_wconf 95' lang='lat' dir='ltr'>  </span> 
     </span>
     <span class='ocr_line' id='line_1_73' title="bbox 1733 2562 1838 3210; baseline 0 -492"><span class='ocrx_word' id='word_1_307' title='bbox 1733 2562 1838 3210; x_wconf 95' lang='lat' dir='ltr'>   </span> 
     </span>
    </p>
   </div>
  </div>
 </body>
</html>
