1838 3210
298 242 602 277 LIUDPRANDI
626 241 859 277 HISTORIA
886 241 1105 276 O'l'role.
1158 242 1263 275 6-7.
1459 243 1525 275 127

56 360 67 409 J
89 376 94 391 ι
115 354 315 408 trierem,
345 361 492 397 saneto
519 354 764 411 imperatori
783 353 954 396 nuntios
975 353 1133 410 dirigit,
1162 352 1381 406 mandans,
1411 353 1524 396 haud
1539 366 1606 392 aas.

61 410 90 449 «ι’
126 425 188 453 ·m
219 424 325 463 esse,
356 410 391 452 si
419 410 626 453 hactenus
654 409 887 452 iuventutis
916 410 1016 466 igne
1042 409 1196 462 victus,
1226 408 1389 465 puerile
1420 409 1522 466 quid

72 467 229 519 erit3
272 466 357 508 iam
398 471 567 523 tempus
606 464 806 520 instabat,
850 479 949 508 cum
988 464 1126 508 alieno
1166 471 1342 522 cuperet
1378 465 1524 508 vivere

44 534 163 566 οιθ.
220 521 442 565 Mandavit
469 522 595 564 etiam
625 520 769 565 dolose
800 521 1031 579 quaedam:
1060 521 1249 564 Leonem
1271 521 1524 577 episcopum

57 618 59 620 ,
91 577 327 621 Iohannem
353 576 574 621 diaconem
599 576 873 631 cardinalem,
902 591 1000 619 suos
1020 576 1224 630 infideles,
1254 578 1525 634 suscepisset,

39 682 52 690 Η
103 634 232 692 quia·
261 640 434 676 sanctus
463 634 695 699 imperator
722 633 1015 691 promissionis
1044 647 1145 676 suae
1175 632 1304 675 fidem
1334 631 1524 687 violaret,

40 704 135 742 „nm
164 703 237 733 eos
276 689 351 747 qui
379 703 429 732 eo
459 689 540 732 loci
570 688 812 743 manebant,
842 703 930 731 non
957 689 1039 746 ipsi
1069 688 1145 731 sed
1175 688 1255 732 sibi
1286 689 1524 731 iuramento

91 767 99 781 ι
121 745 296 797 ⁶·eret.
354 744 524 799 Quibus
553 746 804 803 imperator:
835 745 932 787 ‘Pro
962 745 1250 798 correctione’,
1279 745 1429 802 inquit,
1461 749 1525 787 ‘ac

40 807 63 853 j
85 816 199 844 rum
235 802 526 855 imnutatione,
570 816 699 859 quam
739 801 958 859 promittit,
994 801 1152 857 gratias
1187 815 1291 858 ago3
1335 815 1392 843 ex
1428 815 1526 858 pro-

73 869 245 901 ·”.«·.;ιοιιιθ
283 872 386 901 vero
426 859 777 912 commutatione,
817 857 938 899 cuius
976 871 1044 900 me
1083 857 1242 913 arguit,
1277 856 1450 911 fecisse,
1490 857 1526 899 si

63 917 86 944 ’ν
116 934 123 951 ι
146 934 167 953 u
208 913 274 968 sit,
304 914 386 971 ipsi
406 913 671 972 perpendite.
716 914 899 957 Omnem
919 921 1074 956 terram
1100 913 1235 955 sancti
1255 913 1384 966 Petri,
1416 927 1526 970 quae

74 1002 76 1004 -
96 977 200 1013 ποθ
238 971 438 1027 potestati
504 971 728 1023 roveniret,
766 969 1040 1027 promisimus
1075 968 1274 1022 reddere3
1318 976 1446 1025 atque
1481 969 1526 1011 id

121 1032 198 1080 est,
267 1025 352 1068 uod
382 1041 438 1069 ex
501 1040 553 1068 ac
586 1027 820 1069 munitione
848 1025 1155 1082 Berengarium
1191 1039 1289 1067 cum
1320 1025 1436 1067 omni
1465 1023 1525 1066 fa-

60 1081 89 1120 :⁴
108 1082 149 1124 ‘a
181 1095 236 1139 pe
268 1096 338 1124 cre
375 1081 632 1126 laboramus.
690 1082 788 1136 Quo
826 1083 938 1125 enim
973 1087 1100 1138 pacto
1140 1088 1296 1124 terra-m
1335 1080 1446 1123 hanc
1487 1081 1526 1124 ei

44 1150 70 1185 (ϋ-
87 1137 208 1181 dere
236 1151 478 1195 possumus,
507 1139 543 1181 si
572 1153 658 1181 non
688 1138 806 1195 prius
836 1152 930 1181 eam
950 1152 1006 1180 ex
1025 1136 1307 1180 violentorum
1328 1137 1526 1180 manibus

44 1194 49 1201 ’
87 1200 219 1251 ptam
248 1195 447 1252 potestati
476 1201 646 1238 nostrae
676 1193 943 1236 subdamus?
983 1193 1173 1236 Leonem
1202 1193 1454 1250 episcopum
1485 1199 1527 1236 et

50 1249 265 1293 ἰὶιοιιιιθιιι
294 1250 552 1294 cardinalem
582 1250 818 1304 diaconem,
848 1263 950 1292 suos
979 1247 1184 1303 infideles,
1215 1263 1325 1306 quos
1354 1263 1432 1291 nos
1458 1263 1525 1291 su-

57 1306 221 1364 ,-pisse
240 1315 429 1361 accusat,
449 1306 514 1349 his
535 1307 799 1364 temporibus
819 1320 899 1349 nec
919 1305 1118 1359 vidimus,
1138 1319 1218 1348 nec
1238 1305 1525 1362 suscepimus:

48 1362 311 1411 ;·nstantino
345 1362 444 1405 olim
474 1362 632 1406 domno
661 1377 775 1420 papa
804 1376 877 1405 eos
907 1360 962 1404 ob
991 1361 1188 1404 iniuriam
1218 1367 1406 1404 nostram
1461 1375 1524 1403 ro-

48 1431 51 1450 ῑ
89 1418 100 1428 ’
151 1424 269 1462 entes
328 1419 520 1476 irigente,
551 1418 701 1476 Capue
730 1425 840 1473 sunt,
870 1425 918 1461 ut
945 1417 1202 1467 audivimus,
1233 1417 1361 1474 capti.
1465 1417 1526 1459 ui-

48 1465 78 1509 ’π
98 1488 211 1517 cum
242 1475 367 1517 etiam
399 1474 639 1529 Saleceum,
667 1475 838 1518 natione
867 1472 1132 1531 Bulgarium‚
1162 1473 1414 1516 educatione
1435 1473 1524 1516 Un-

54 1550 89 1567 μΔ·
110 1530 212 1584 ἰιιιι,
252 1530 397 1574 domni
436 1545 573 1588 papae
610 1530 1006 1583 familiarissimum,
1049 1538 1092 1573 et
1128 1529 1347 1571 Zacheum
1383 1529 1525 1571 virum

54 1584 69 1622 ’-
89 1586 317 1642 ·robatum‚
346 1586 586 1630 divinarum
617 1594 746 1644 atque
766 1586 1047 1629 humanarum
1073 1586 1254 1629 inscium
1274 1585 1524 1639 litterarum,

66 1646 68 1649 '
85 1641 244 1686 domno
273 1656 329 1700 pa
361 1657 386 1685 a
414 1643 688 1701 episcopum¹
720 1643 886 1686 noviter
915 1649 1225 1696 consecratum,
1256 1648 1298 1685 et
1321 1641 1524 1698 Ungariis

58 1719 77 1748 ίι
121 1698 325 1756 predican
358 1713 443 1753 um,
480 1706 528 1741 ut
566 1714 615 1741 su
650 1714 696 1742 er
732 1713 809 1741 nos
849 1699 1022 1752 irruant,
1062 1697 1333 1752 destinatum,
1374 1697 1525 1741 eodem

83 1762 181 1813 ptos
211 1769 304 1799 esse
331 1754 588 1798 audivimus.
671 1770 748 1798 aec
777 1754 980 1797 domnum
1011 1768 1167 1812 papam
1197 1753 1324 1796 nullis
1353 1768 1526 1796 narran-

106 1825 146 1854 »s
175 1810 326 1855 fecisse
355 1811 638 1866 crederemus,
667 1812 749 1853 nisi
768 1810 933 1853 litterae
952 1809 1080 1853 fidem
1100 1808 1384 1859 admitterent,
1415 1823 1525 1867 quae

58 1921 62 1923 ‚
79 1865 211 1910 umbo
240 1867 430 1924 signatae
460 1867 525 1910 sui
555 1868 740 1910 nominis
770 1874 1006 1910 caracteres
1035 1867 1297 1909 monstrant'.

147 1923 185 1966 7.
215 1922 296 1966 His
317 1922 512 1982 expletis,
538 1922 871 1966 Landohardum
891 1937 917 1965 a
938 1922 1127 1965 Saxonia
1147 1921 1482 1965 Mimendensem
1496 1930 1524 1975 ²,

117 1977 442 2036 Liudprandum
486 1979 541 2023 ab
585 1979 709 2023 Italia
754 1979 1086 2023 Cremonensem
1130 1979 1380 2035 episcopos,
1427 1992 1524 2020 cum

93 2034 208 2078 ·fatis
226 2035 386 2079 nuntiis
405 2035 584 2078 Romam
607 2035 766 2092 dirigit,
796 2035 953 2077 domno
1014 2048 1121 2100 apae
1152 2049 1196 2076 se
1222 2032 1524 2090 inculpabilem

88 2105 125 2133 θ
163 2090 465 2135 satisfacturos.
532 2091 726 2145 Quorum
767 2091 895 2135 etiam
932 2049 1138 2133 md'itibus
1175 2089 1254 2132 hoc
1291 2090 1525 2146 imperator

60 2151 169 2190 tus
212 2147 431 2204 imposuit,
475 2153 522 2190 ut
565 2148 599 2190 si
643 2161 765 2190 secus
809 2146 990 2190 domnus
1034 2159 1147 2212 papa
1188 2160 1273 2188 non
1318 2144 1522 2198 crederet,

59 2201 172 2246 ello
200 2217 348 2246 verum
378 2216 471 2247 esse
499 2203 798 2261 approbarent.
857 2202 1014 2245 Prefati
1042 2210 1172 2259 lgxtur
1191 2200 1521 2244 Landohardus‘
1539 2220 1585 2256 ·1‚,
1599 2222 1666 2250 ω,

102 2257 402 2316 Liudprandus
431 2260 622 2317 episcopi
651 2259 832 2302 Romam
868 2266 966 2302 ante
1002 2258 1148 2300 domni
1177 2271 1323 2323 papae
1352 2271 1522 2315 presen-

178 2315 410 2371 venientes,
452 2321 570 2359 tanto
614 2323 712 2359 sunt
755 2314 958 2357 inhonore
1000 2328 1124 2357 susce
1157 2319 1202 2368 tl,
1245 2320 1293 2356 ut
1335 2328 1421 2357 non
1450 2327 1523 2356 eos

70 2392 72 2396 ⁷
100 2376 191 2425 ret,
221 2378 380 2428 quanto
410 2378 606 2414 sanctum
636 2372 935 2428 imperatorem
965 2369 1079 2413 tedio
1131 2369 1338 2413 astidiret.
1397 2369 1523 2414 Ordi-

85 2426 162 2469 tim
202 2434 362 2482 tamen,
401 2434 530 2485 prout
565 2426 626 2470 eis
664 2427 899 2470 iniunctum
939 2425 1094 2481 fuerat,
1135 2433 1397 2480 enarrantes,
1437 2440 1521 2468 non

60 2501 79 2517 v·
107 2491 280 2536 mento,
321 2497 406 2526 non
445 2481 585 2527 duello
624 2483 954 2526 satisfactionem
985 2496 1107 2549 papa
1144 2482 1334 2539 recipere
1374 2481 1521 2536 voluit,

66 2559 93 2573 ,ι
140 2538 183 2580 in
222 2538 371 2582 cadem
412 2553 498 2597 qua
535 2538 672 2583 fuerat
709 2539 862 2582 mentis
902 2537 1058 2581 duritia
1097 2537 1263 2581 mansit.
1332 2536 1522 2581 Subdolc

88 2608 172 2637 nen
207 2603 307 2652 post
343 2594 435 2638 dies
475 2603 571 2638 octo
601 2593 832 2638 Iohannem
869 2595 1119 2652 episcopum
1149 2593 1440 2647 Narniensem‚
1482 2602 1524 2636 et

80 2649 311 2694 -2edictum
341 2649 600 2694 cardinalem
630 2650 865 2705 diaconem,
905 2664 1004 2694 cum
1035 2650 1124 2692 istis
1155 2649 1311 2692 domno
1342 2650 1522 2707 impera-

62 2728 77 2766 ,ι
98 2705 108 2717 ’
140 2705 379 2762 destinavit,
409 2716 576 2765 putans,
606 2722 651 2751 se
680 2706 793 2750 hunc
822 2707 908 2750 suis
936 2704 1136 2749 deludere
1166 2720 1292 2763 posse
1312 2706 1522 2758 versutiiS,

65 2815 157 2849 :qula
177 2819 202 2841 ee
222 2815 298 2842 unua
318 2816 446 2850 nequem
466 2817 548 2849 qnod
571 2817 596 2844 Ι.

11 2885 16 2899 λ’
56 2879 74 2949 .-
97 2903 265 2939 conano
290 2914 401 2950 prope
426 2903 594 2939 Velitras.
695 2903 733 2947 2)
761 2902 966 2945 968-969,
991 2903 1086 2946 regis
1113 2900 1366 2936 consiliarium.
