1838 3210
236 783 718 842 LIUDPRANDI
758 784 867 840 AN
871 782 1321 841 TAPODOSIS.

24 935 29 950 2
144 898 204 951 In
232 907 404 950 nomine
433 906 566 964 patris
597 911 639 948 et
667 904 743 948 filii
773 912 815 948 et
844 906 1018 962 spiritus
1048 907 1198 960 sancti,
1237 905 1390 962 incipit
1419 904 1527 949 liber
1542 912 1597 944 SS·
1609 915 1666 949 111,

42 962 45 965 “
68 962 343 1021 tapodoseos
364 962 700 1015 ανταποδόσεως,
729 962 1020 1005 retributionis
1030 968 1060 1016 ⁸,
1090 977 1241 1029 regum
1264 968 1393 1018 atque
1413 963 1528 1019 prin·
1542 955 1651 988 ²²⁷³·

27 1018 177 1075 su'um
220 1019 354 1076 partis
389 1018 588 1076 Europae
604 1025 639 1071 ¹,
686 1032 712 1060 a
747 1017 859 1060 Liud
892 1017 1027 1060 rando
1066 1018 1305 1061 Ticmensis
1345 1016 1526 1061 eclesiae

26 1090 46 1110 ··
85 1094 90 1110 ··
130 1089 210 1119 one
239 1089 293 1118 en
321 1075 372 1117 ti*
403 1073 661 1118 echmalosia
703 1075 807 1116 autu
847 1075 890 1117 ἐν
925 1074 976 1128 τὴ
1022 1077 1250 1125 εχμαλοσία
1289 1073 1441 1128 ἀυτοῦ,
1481 1074 1528 1117 in
1541 1084 1566 1120 ·)
1583 1084 1743 1115 ιηιοιιιιιι.

24 1151 90 1177 .÷-÷
118 1152 154 1184 '2
187 1131 370 1174 'natione
399 1130 530 1184 eius»,
574 1129 630 1172 ad
659 1129 996 1183 Recemundum,
1035 1129 1270 1188 Hispaniae
1315 1130 1527 1186 provintie

70 1185 323 1231 ‘beri-itanae
351 1185 555 1229 ecclesiae
583 1186 849 1243 episcopum,
878 1185 1029 1229 editus.

30 1251 32 1253 ’
174 1245 235 1287 1⁰.
265 1242 582 1285 Prohoemium.

169 1300 209 1343 2.
238 1298 308 1341 De
338 1297 507 1341 castello
538 1297 800 1340 Fraxinetod
831 1304 873 1340 et
903 1297 986 1340 situ
1015 1296 1119 1339 eius.

240 1353 432 1408 Qualiter
461 1353 663 1397 Saraceni
692 1353 972 1396 Fraxinetum
1001 1353 1121 1410 prius
1149 1352 1295 1410 adepti
1326 1353 1422 1396 sint.

241 1409 435 1464 Qualiter
468 1409 630 1453 invidia
664 1408 998 1452 Provincialium
1034 1416 1077 1452 et
1113 1409 1218 1466 ipsis
1248 1409 1527 1453 invitantibus
1571 1462 1573 1464 q

241 1466 443 1510 Saraceni
471 1466 741 1509 Provinciam
769 1465 1097 1509 devastaverint.

239 1522 348 1576 Quis
382 1523 615 1580 imperator
651 1528 742 1564 tum
782 1521 933 1564 Grecis
969 1527 1150 1578 preerat,
1218 1521 1264 1563 ui
1300 1520 1529 1578 Bulgariis,

239 1577 477 1635 Bagoariis,
507 1578 698 1631 Francis,
729 1577 984 1631 Saxonibus,
1017 1576 1182 1630 Suevis,
1236 1576 1388 1632 talicis,
1406 1592 1529 1635 reges

271 1641 450 1688 merant,
479 1632 547 1677 vel
577 1634 672 1691 quis
703 1633 838 1676 Rome
867 1647 923 1690 pa
955 1648 981 1676 a
1009 1632 1258 1676 habebatur.

238 1649 329 1734 gur
357 1690 446 1733 Leo
476 1690 708 1747 imperator
736 1689 792 1732 sit
819 1689 934 1747 Porp
965 1703 1044 1746 yro
1077 1689 1216 1732 enitus
1246 1689 1403 1733 dictus.

238 1746 308 1790 De
337 1745 465 1789 domo
495 1744 718 1803 Porphyra
761 1746 856 1803 quis
886 1759 981 1789 eam
1011 1759 1034 1788 e
1066 1744 1286 1789 ificaverit.

238 1802 308 1846 De
336 1800 587 1869 genealogia
613 1801 716 1844 Basi
735 1801 762 1843 'i
772 1809 803 1855 θ,
833 1808 876 1845 et
906 1800 1088 1859 qualiter
1115 1801 1349 1859 imperator
1367 1800 1512 1844 Micha

238 1856 307 1901 hel
335 1873 381 1902 m
408 1856 566 1915 palatio
596 1872 695 1900 eum
725 1859 947 1924 receperit.

199 1945 211 1957 .
239 1913 309 1957 De
339 1914 583 1957 infirmitate
605 1912 883 1957 Michahehs‘
911 1913 1190 1971 imperatoris,
1221 1921 1264 1957 et
1322 1912 1475 1956 ualiter
1503 1929 1530 1956 a

240 1969 400 2013 Basilio
430 1970 485 2013 sit
512 1969 770 2025 interfectus,
801 1976 843 2012 et
871 1970 964 2027 ipse
994 1970 1226 2027 imperator
1254 1985 1277 2013 e
1311 1977 1443 2013 ectus.

147 2026 211 2069 10.
240 2026 309 2069 De
338 2040 390 2069 eo
456 2025 542 2068 uod
580 2024 763 2068 Basilius
799 2027 843 2068 in
883 2025 1046 2068 somnis
1085 2024 1305 2068 dominum
1335 2032 1529 2069 nostrum

241 2082 383 2125 Iesum
505 2082 631 2124 ‘stum
661 2096 707 2125 se
736 2080 1076 2140 interpellantem
1106 2096 1184 2139 pro
1213 2088 1349 2124 morte
1368 2081 1529 2125 Micha·

238 2136 372 2236 lfielis'
406 2136 534 2192 vidit,
570 2143 613 2181 et
650 2137 704 2181 de
743 2137 965 2181 elimosina
999 2152 1128 2195 quam
1171 2137 1307 2181 isdem
1343 2137 1528 2181 Basilius

258 2194 356 2239 ecit.

147 2249 211 2293 11.
242 2248 437 2304 Qualiter
471 2249 559 2292 Leo
596 2249 829 2306 imperator
863 2263 890 2292 a
927 2249 1015 2292 suis
1052 2250 1107 2292 sit
1134 2255 1264 2293 noctu
1294 2256 1458 2307 captus,
1488 2257 1530 2293 et

242 2320 327 2348 non
356 2306 526 2362 agnitus
554 2304 774 2348 custodiet
809 2304 989 2349 traditus
1024 2311 1152 2363 atque
1188 2303 1452 2363 flagdlatus,
1489 2313 1531 2349 et

242 2359 424 2419 qualiter
452 2367 597 2404 custos
626 2360 809 2404 carceris
839 2374 939 2404 eum
967 2360 1185 2415 dimiserit,
1220 2369 1263 2405 et
1292 2361 1408 2419 quod
1437 2361 1530 2420 ipse

241 2417 474 2474 imperator
502 2431 547 2460 se
577 2431 663 2459 non
690 2414 978 2475 flagellantes*
999 2415 1292 2474 flagellaverit,
1323 2423 1365 2462 et
1385 2416 1530 2475 flagel-

242 2471 377 2517 lantes
404 2472 688 2516 honoraverit.

150 2529 215 2572 12.
244 2528 313 2572 De
351 2529 512 2586 optimo
548 2526 650 2571 ludo
687 2542 815 2586 quem
851 2526 988 2574 isdem
1024 2528 1114 2573 Leo
1148 2529 1381 2588 imperator
1416 2528 1530 2584 fecit,

245 2584 298 2628 de
327 2584 635 2629 dormientibus
664 2592 707 2629 et
733 2584 919 2628 nummis
946 2585 1099 2629 aureis.

167 1356 210 1567 9229*

170 1915 198 1957 Φ
167 1691 209 1847 9089*

19 2674 39 2704 ⁷³
89 2698 144 2720 m
157 2667 374 2720 ‘nuntiationis
394 2700 487 2726 mm
507 2693 734 2727 nuupodofleo·
760 2693 884 2727 lenitur.
911 2693 960 2720 ud
986 2701 1047 2720 ean
1065 2694 1293 2727 '’conmudan-
1314 2694 1403 2726 duxi,-
1434 2694 1473 2720 ua
1496 2693 1529 2719 dn

41 2735 56 2766 J
118 2745 140 2751 w
168 2746 172 2751 .
234 2738 346 2765 quoqu·
364 2731 428 2762 soei.
528 2732 561 2767 b)
583 2732 671 2760 culn·
693 2734 719 2761 ¹.
818 2731 847 2766 e)
868 2736 1066 2767 aran-mutua
1087 2733 1161 2759 dem
1182 2734 1210 2760 8.
1311 2733 1343 2767 d)
1366 2733 1528 2760 fraxeneto

105 2788 115 2798 .
134 2769 289 2798 mxi-oto
309 2774 473 2798 :moneor
497 2773 522 2799 Ι.
622 2771 653 2806 ο)
675 2771 791 2800 butun
813 2773 842 2800 ι.
933 2772 957 2806 0
980 2772 1142 2799 mlh-hem
1166 2775 1190 2799 1.
1292 2772 1323 2806 ς)
1347 2772 1476 2798 cumdio
1502 2773 1528 2799 ι.

56 2882 82 2942 ἱ)
106 2894 162 2932 cf.
187 2897 279 2932 infr·
305 2907 338 2934 e.
368 2898 383 2930 1
413 2898 531 2933 ‘totius
559 2898 745 2944 Europae&
