1838 3210
221 973 288 999 888.

137 1012 225 1038 Febr.
242 1012 286 1038 29.

122 1142 288 1170 887-888.

143 2214 196 2250 Ἰ).
210 2217 277 2245 281.

304 255 345 285 14
507 252 811 286 LIUDPRANDI
836 251 1183 286 ANTAPODOSIS.
1235 252 1331 286 LIB.
1357 252 1387 286 1.
1441 252 1596 287 14—17.

301 363 473 421 quidem
518 362 813 405 callidissimus
857 362 925 405 illc
970 362 1155 405 humano
1194 363 1340 420 generi
1380 363 1592 417 inimicus,
1630 370 1679 407 ut
1718 362 1793 407 ho·
1829 367 1832 368 ⁷

301 421 437 462 mines
480 420 813 476 prevaricatores
857 419 922 460 sui
969 419 1098 461 faciat
1141 419 1406 472 sacramenti,
1450 417 1628 462 celerius
1672 433 1795 477 saga.-

300 477 468 533 tiusque
515 475 570 516 ad
620 474 1223 530 inrumpendam‘amicitiam
1262 473 1439 518 laborat.
1515 473 1645 529 Quod
1687 476 1724 518 si
1766 489 1796 518 a

300 534 441 574 minus
470 539 582 573 recte
613 545 659 572 sa
692 529 875 573 ientibus
906 530 959 572 de
988 545 1090 573 vero
1120 530 1404 573 amicitiarum
1432 545 1590 587 genere
1614 545 1793 588 percon·

299 595 452 641 tamur,
481 601 635 642 respon
668 585 846 640 obimus,
877 586 1150 628 concordiam
1178 600 1409 644 veramque
1428 586 1689 630 amicitiam·
1708 587 1795 630 nisi

300 644 410 686 inter
437 642 683 685 emendatos
714 656 852 684 mores
873 641 1148 699 eiusdemque
1168 643 1336 684 virtutis
1356 648 1399 684 et
1417 642 1657 700 propositi»
1676 643 1797 686 viros

300 707 411 742 stare
440 713 525 740 non
585 712 692 740 osse.

417 755 478 797 15.
563 755 648 796 onti
683 755 715 796 't
742 753 899 810 itaque,
938 762 1181 810 utrumque,
1211 753 1443 796 Widonem
1472 754 1636 797 scilicet
1663 761 1797 820 atque

300 810 620 866 Berengarium,
703 808 806 851 aroli
836 809 948 865 regis
987 809 1123 852 funeri
1162 809 1323 852 deesse.
1381 809 1515 852 Cuius
1551 817 1695 853 tamen
1731 825 1796 853 m-

301 867 470 909 teritum
501 865 630 908 Wido
661 873 708 907 ut
737 864 914 918 audivit,
944 865 1126 907 Romam
1155 865 1384 922 profectus,
1418 864 1582 931 absque
1608 864 1796 910 anco-

301 937 396 964 rum
440 920 614 963 consilio
653 921 783 963 totius
822 920 1030 963 Franciae
1070 922 1315 964 unctionem
1352 928 1542 978 suscepit
1581 921 1750 979 imperii
1763 930 1796 964 Ι.

301 978 455 1020 Franci
484 978 543 1019 ita
575 991 626 1018 ue
658 976 897 1030 Oddonem,
928 978 1129 1034 quoniam
1159 977 1289 1019 Wido
1318 978 1479 1029 aberat,
1518 990 1665 1034 regem
1694 991 1794 1021 con-

301 1034 495 1076 stituunt.
593 1033 839 1088 erengarius
868 1047 968 1074 vero
990 1033 1189 1076 Widonis
1210 1032 1400 1087 consilio,
1432 1031 1793 1091 quemadmodum

303 1090 342 1131 ei
371 1088 641 1130 iureiurando
681 1089 953 1145 promiserat,
992 1088 1129 1131 Italici
1168 1090 1287 1145 regni
1326 1089 1516 1146 suscepit
1552 1090 1794 1146 imperium.

303 1144 434 1188 Wido
463 1151 605 1186 autem
635 1144 860 1186 Franciam
889 1145 1008 1200 petit.

418 1200 481 1242 16.
526 1199 722 1257 Cumque
751 1199 1108 1256 Burgundionum
1137 1215 1182 1243 re
1214 1214 1270 1242 na
1306 1201 1529 1255 transiens,
1565 1201 1794 1244 Franciam

303 1270 431 1313 qua-m
460 1256 696 1298 Romanam
736 1256 884 1298 dicunt
921 1257 1086 1311 ingredi
1114 1271 1166 1298 ve
1198 1265 1260 1310 et,
1296 1257 1557 1299 Francorum
1586 1257 1726 1300 nuntii
1753 1257 1795 1300 ei

301 1319 540 1365 occurrunt,
571 1327 616 1354 se
644 1313 782 1354 redire
811 1312 1066 1366 nuntiantes,
1105 1327 1156 1354 eo
1188 1312 1302 1369 quod
1330 1310 1458 1369 longa
1495 1313 1794 1370 expectatione

298 1368 478 1423 fatigati,
522 1367 624 1409 dum
668 1368 758 1410 sine
800 1381 901 1423 rege
946 1367 1019 1410 diu
1063 1382 1155 1410 esse
1197 1383 1283 1410 non
1325 1376 1519 1424 possent,
1564 1367 1794 1412 Oddonem

300 1424 465 1466 cunctis
503 1422 748 1479 petentibus
788 1422 1018 1480 elegerunt.
1075 1424 1230 1466 Fertur
1267 1432 1410 1467 autem
1448 1423 1529 1467 hac
1568 1425 1794 1468 occasione

298 1481 486 1522 Francos
516 1479 746 1522 Widonem
775 1494 921 1535 regem
951 1478 1032 1521 sibi
1066 1493 1151 1521 non
1189 1480 1491 1536 adsumpsisse.
1548 1480 1660 1523 Nam
1689 1480 1793 1524 dum

297 1534 353 1577 ad
390 1534 626 1577 Metensem
665 1542 869 1577 venturus
909 1543 1020 1577 esset
1058 1534 1222 1589 urbem,
1265 1550 1374 1593 quae
1412 1537 1709 1593 potentissima
1746 1537 1794 1580 in

296 1605 428 1647 regno
457 1589 646 1633 Lotharii
675 1590 817 1644 claret,
846 1592 1041 1647 premisit
1070 1590 1308 1647 dapiferum
1333 1606 1470 1645 suum,
1501 1593 1575 1650 qui
1593 1591 1796 1636 alimenta

296 1646 356 1688 illi
394 1661 512 1688 more
551 1646 668 1702 regio
706 1654 967 1702 prepararet.
1025 1647 1227 1690 Metensis
1265 1661 1369 1690 vero
1400 1648 1659 1706 episcopus²
1688 1648 1793 1691 dum

297 1701 458 1744 cibaria
486 1702 525 1743 ei
554 1701 688 1743 multa
717 1701 952 1744 secundum
981 1703 1243 1745 Francorum
1279 1703 1631 1747 consuetudinem
1669 1705 1814 1756 mini-⁴

296 1764 459 1812 straret,
499 1757 743 1799 huiusmodi
772 1772 799 1799 a
828 1757 1018 1815 dapifero
1057 1773 1262 1816 responsa
1291 1760 1501 1825 suscepit:
1541 1759 1603 1803 ‘Si
1632 1774 1792 1818 equum

295 1812 444 1856 saltem
483 1814 588 1854 mihi
628 1813 807 1866 dederis,
847 1814 1003 1856 faciam
1032 1821 1080 1856 ut
1107 1816 1240 1857 tercia
1268 1814 1464 1857 obsoniic
1501 1815 1631 1859 huius
1667 1823 1792 1874 parte

295 1870 350 1911 sit
387 1883 465 1911 rex
503 1868 632 1910 Wido
674 1871 924 1912 contentus'.
998 1871 1125 1923 Quod
1168 1871 1393 1928 episcopus
1436 1871 1635 1915 audiens:
1678 1872 1792 1915 ‘Non

295 1924 442 1978 decet’,
482 1925 526 1966 in
558 1925 632 1978 uit,
671 1924 811 1967 ‘talem
851 1940 980 1981 super
1012 1941 1091 1968 nos
1120 1941 1300 1982 regnare
1339 1941 1497 1983 regem,
1537 1929 1611 1985 qui
1639 1928 1791 1972 decem

295 1980 345 2022 dr
403 1981 482 2022 mis
511 1996 553 2022 vi
570 1996 594 2023 e
623 1981 704 2023 sibi
734 1980 959 2023 obsonium
989 1985 1213 2039 preparat'.
1255 1982 1414 2039 Sicque
1442 1982 1604 2026 factum
1633 1991 1711 2039 est,
1741 1991 1794 2028 ut

294 2035 369 2078 Wi
402 2050 525 2078 onem
554 2036 808 2090 desererent,
838 2037 1064 2080 Oddonem
1093 2046 1233 2080 autem
1265 2037 1318 2080 eli
1351 2046 1481 2081 erent.

410 2093 475 2134 17.
519 2093 785 2135 Francorum
805 2094 935 2149 igitur
953 2108 1040 2135 non
1058 2107 1210 2149 parum
1230 2093 1304 2135 Wi
1337 2109 1362 2136 o
1381 2094 1654 2151 perturbatus
1677 2094 1692 2137 l

294 2147 496 2202 tionibus,
524 2147 735 2190 nonnullis
765 2149 880 2205 cepit
908 2149 1237 2205 cogitationibus
1267 2151 1465 2205 aestuari,
1503 2157 1592 2193 tam
1621 2165 1678 2193 ex
1727 2158 1790 2194 tn-

293 2201 375 2245 lico
402 2218 533 2259 regno
560 2204 820 2261 Berengario
850 2205 1123 2247 iureiurando
1148 2206 1374 2262 promisso,
1403 2221 1532 2263 quam
1551 2221 1608 2249 ex
1626 2207 1790 2250 *Fran-

294 2271 443 2301 corum
461 2260 697 2315 presertim,
719 2260 834 2317 quod
854 2261 1051 2317 poenitus
1073 2276 1117 2303 se
1137 2275 1224 2303 non
1243 2276 1369 2318 posse
1390 2262 1572 2305 sciverat
1594 2262 1788 2320 adipisci.

293 2314 410 2356 Inter
437 2322 662 2372 utramque
690 2324 834 2359 autem
870 2316 979 2358 hanc
1017 2318 1338 2371 aestuationem,
1374 2318 1575 2375 quoniam
1602 2319 1789 2362 Franco·
1824 2347 1825 2350 =

292 2384 389 2412 rum
430 2384 508 2412 rex
551 2386 643 2413 esse
681 2372 906 2428 nequibat,
944 2372 1139 2428 frangere
1178 2373 1293 2430 quod
1331 2373 1592 2431 Berengario
1627 2374 1790 2418 fecerat
1837 2403 1838 2428 3

292 2426 587 2468 iusiurandum
625 2426 852 2481 deliberat3
893 2426 1153 2485 collectoque
1189 2437 1318 2486 prout
1346 2430 1486 2494 potuit
1514 2431 1706 2474 exercitu
1730 2457 1788 2463 —
1836 2434 1838 2491 l

292 2487 481 2524 traxerat
517 2497 618 2525 sane
646 2490 689 2525 et
716 2497 742 2524 a
777 2483 956 2525 Francis
995 2485 1211 2540 quandam
1248 2484 1464 2548 affinitatis
1500 2484 1686 2528 lineam⁸
1716 2513 1785 2541 —,
1837 2523 1838 2529 ,

293 2606 323 2641 a)
346 2609 539 2635 amicititiam
563 2611 588 2636 1.
669 2609 700 2642 b)
722 2610 880 2643 proposito
904 2611 930 2637 1.
1011 2609 1039 2643 c)
1064 2611 1194 2637 obsouat
1216 2613 1241 2636 1.
1264 2613 1293 2638 2.

294 2712 332 2757 1)
357 2714 465 2748 wido
493 2724 660 2748 coronam
685 2715 906 2759 imperialem
933 2727 1026 2749 anno
1052 2717 1122 2749 891
1151 2717 1208 2750 die
1230 2717 1290 2751 21.
1308 2717 1496 2751 Februarii
1521 2719 1653 2753 mensis
1677 2728 1783 2752 acce-

291 2764 356 2807 pit,
375 2773 545 2798 coronam
561 2764 737 2796 Franciae
756 2764 990 2798 occidentalis
1007 2775 1040 2798 a.
1059 2765 1130 2797 888
1148 2765 1370 2808 Lingonibus
1387 2766 1424 2798 in
1442 2767 1540 2801 urbe.
1633 2766 1785 2810 2)'1'une

291 2811 531 2846 Ruodbertus.
581 2812 654 2846 Sed
679 2812 878 2846 Metensem
910 2824 1024 2856 usque
1058 2814 1317 2857 Lotharingiae
1342 2814 1477 2856 urbem,
1502 2815 1611 2849 wido
1636 2816 1784 2850 minimo
1820 2853 1822 2856 ,

291 2856 500 2904 progressus
534 2864 600 2894 est.
748 2860 788 2904 3)
821 2862 875 2895 Cf.
909 2862 1001 2895 infra
1035 2863 1104 2902 ΙΙΙ,
1139 2874 1170 2896 6.
1198 2863 1265 2904 42;
1302 2863 1366 2904 IV,
1402 2874 1432 2896 c.
1461 2864 1494 2898 6.
1522 2863 1581 2899 22.
1614 2863 1783 2899 Valesius

293 2909 462 2952 (carmen
486 2910 742 2954 panegyricum
768 2911 977 2953 Berengarii
1003 2922 1039 2954 p.
1068 2910 1154 2954 155)
1188 2911 1283 2944 hunc
1315 2911 1434 2945 locum
1459 2917 1558 2946 recte
1589 2915 1643 2947 ita
1671 2913 1783 2947 inter-
1821 2905 1827 2942 Ϊ

290 2962 468 3002 pretatur:
495 2959 563 2992 hoc
590 2963 645 2992 est
669 2958 786 2992 affinis
811 2960 1029 2993 Francorum
1054 2970 1178 3003 regum
1206 2965 1292 2994 erat.
1812 2974 1814 2976 ¹
