1838 3210
245 219 546 255 LIUDPRANDI
571 217 917 253 ANTAPODOSIS.
966 217 1061 251 LIB.
1088 217 1137 251 11.
1189 217 1221 250 6.
1439 217 1481 250 31

44 358 45 362 =
82 347 176 387 res,
207 332 323 390 quod
350 331 523 375 domino
559 338 632 374 tuo
667 329 835 373 rebellis
872 329 1089 383 existeres,
1127 328 1350 386 presertim
1387 343 1484 371 cum

43 390 46 392 ’
83 387 198 446 quod
233 388 338 445 agis,
374 387 505 430 facias
543 386 696 443 gratis3
741 400 791 428 eo
827 386 941 428 enim
980 399 1064 442 quo
1101 383 1318 428 ferocitate
1355 385 1484 426 animi

48 467 67 481 ι
103 444 187 488 eris
198 453 226 497 ¹,
264 449 467 510 quantum
505 443 559 485 ab
594 441 802 496 omnibus,
841 441 1044 499 precipue
1080 455 1107 483 a
1142 455 1244 497 rege
1283 439 1483 506 diligaris,

57 522 76 538 ιι
114 499 332 556 intellegis.
391 499 637 543 Consulenti
670 499 813 564 itaque
841 497 946 540 mihi
974 497 1102 540 fidem
1131 496 1326 551 admitte3
1356 497 1485 539 iusiu-

38 556 180 600 ”ndum
207 556 300 599 acci
333 570 369 610 e,
400 570 484 613 quo
514 555 605 597 sine
633 555 763 597 animi
791 553 1055 597 vacillatione
1085 553 1137 596 de
1166 551 1337 596 castello
1367 553 1484 596 exire

42 627 144 656 was
172 618 215 655 et
241 626 287 654 re
319 612 392 655 ire.
452 611 499 654 Si
535 610 760 654 sacerdotii
799 610 883 653 mei
920 609 1273 667 promissionibus
1311 609 1484 652 minime

60 669 153 723 :·'‚·.
182 669 419 711 iuramento
449 666 596 710 saltem
635 681 688 709 ne
727 666 909 721 diffidas,
946 666 1145 723 quoniam
1174 671 1221 707 ut
1250 672 1291 708 te
1319 664 1484 708 salvum

10 728 11 732 ’
69 723 324 768 incolumem
355 723 408 767 de
437 722 611 767 castello
641 723 722 765 hoc
751 722 951 776 eduxero,
992 723 1051 765 ita
1085 729 1127 764 et
1155 721 1358 764 reducere
1388 735 1484 778 pro-

32 800 44 829 ,ι
86 779 183 824 bo'.
226 779 482 823 Adelbertus
504 780 633 836 igitur
651 778 893 821 huiusmodi
911 777 1034 822 melle
1055 776 1316 820 dulcioribus
1336 777 1484 834 elogiis

35 837 83 894 ξι,
85 836 225 891 butus,
255 837 386 878 ἰιιιιιιο
424 835 638 892 deceptus,
669 834 960 878 iusiurandum
995 834 1050 876 ab
1087 833 1273 876 Hattone
1303 834 1482 891 aceepit,

34 914 43 939 ,ι
67 907 195 950 uque,
224 900 272 936 ut
300 906 446 935 secum
475 891 714 949 pranderet,
744 891 936 949 protinus
964 890 1170 933 invitavit.
1229 889 1359 933 Hatto
1383 903 1484 933 vero

26 955 46 986 ”ι
70 949 380 1004 versationis,
413 962 538 1006 quam
568 961 767 990 exercere
795 955 894 1004 post
921 945 1139 1004 paululum
1175 952 1361 1003 cuperat,
1400 960 1483 988 non

16 1019 218 1059 ιθιιιοι,
266 1005 415 1049 eodem
460 1019 506 1046 se
553 1003 752 1060 haudqua
784 1018 882 1045 uam
930 1017 1181 1060 pransurum
1230 1001 1484 1045 omnimodis

43 1061 230 1104 terdixit.
293 1060 384 1104 Nec
422 1074 554 1114 mora,
592 1060 724 1102 Hatto
792 1074 815 1102 e
855 1058 1027 1102 castello
1066 1058 1292 1115 egreditur.
1351 1057 1484 1101 Cuius

30 1129 69 1155 ’.ι
112 1131 219 1160 ·ram
247 1115 502 1160 Adelbertus
532 1123 689 1166 tenens,
728 1130 830 1158 mox
867 1130 963 1158 eum
998 1115 1284 1172 prosequitur.
1344 1114 1484 1168 Quem

18 1220 22 1223 ξ
52 1194 87 1212 ..ι
126 1181 248 1217 extra
275 1172 495 1216 castellum
521 1172 652 1215 Hatto
683 1172 964 1229 conspiceret:
995 1170 1225 1225 ‘Poenitet',
1253 1170 1357 1225 infit,
1389 1175 1482 1224 (ωε,

45 1251 56 1267 ,ι
76 1244 123 1274 os
165 1230 346 1286 egregie,
387 1228 501 1286 quod
540 1228 773 1271 secundum
809 1236 930 1272 tuum
967 1226 1218 1282 consultum,
1259 1228 1484 1292 presertim

37 1307 85 1347 ξι.
138 1285 387 1383 perlonfum
431 1285 510 1328 iter
551 1285 782 1337 immineat,
834 1299 988 1340 corpus
1032 1282 1171 1326 edulio
1214 1282 1356 1342 aliquo
1399 1298 1484 1326 non

46 1367 49 1379 ι
71 1363 86 1379 ·--
112 1341 240 1385 erim'.
305 1355 490 1398 gnorans
509 1340 691 1399 denique
709 1339 979 1394 Adelbertus,
1001 1346 1205 1398 quantum
1226 1339 1486 1383 incommodi

54 1420 70 1434 ιι
95 1404 256 1441 ·tumve
284 1397 499 1440 infortunii
529 1396 607 1440 hec
636 1397 844 1440 sententia
863 1396 1036 1439 habeat:
1067 1395 1382 1451 ‘Revertamur’,
1412 1396 1483 1450 ait,

42 1470 181 1510 aneu
210 1456 283 1508 mi,
312 1460 355 1496 et
382 1468 435 1496 ne
466 1453 640 1496 ieiunii¹
671 1453 954 1496 maceratione
979 1467 1135 1510 eorpus
1156 1451 1357 1507 tabescat,
1389 1452 1483 1494 cibo

89 1525 147 1554 ·m
177 1508 393 1568 paululum
415 1508 627 1555 recreato'.
685 1509 899 1552 Conivens
928 1509 1071 1566 itaque
1091 1509 1181 1551 eius
1201 1508 1484 1566 peticionibus

53 1573 144 1621 tto,
173 1581 250 1624 per
278 1580 405 1623 quam
435 1580 532 1608 eum
564 1565 711 1608 eduxit
722 1566 754 1619 ¹³,
785 1564 1003 1622 repedavit
1021 1572 1063 1608 et
1081 1564 1289 1608 reducens
1309 1564 1486 1608 dextera

55 1636 158 1667 ens.
215 1621 346 1665 Haud
365 1636 497 1675 mora,
528 1622 647 1664 cibus
675 1622 916 1675 assumitur,
937 1627 1063 1687 atque
1083 1619 1136 1663 ab
1158 1621 1219 1663 eis
1249 1620 1316 1664 die
1337 1620 1484 1663 eadem

61 1693 133 1722 oue
170 1678 226 1722 ad
262 1692 405 1735 regem
446 1684 708 1744 properatur.
778 1677 949 1720 Clamor
986 1692 1030 1719 m
1070 1678 1218 1720 castris
1257 1677 1400 1731 oritur,
1438 1677 1485 1719 fit

42 1761 51 1789 χ
57 1734 200 1779 ultus
228 1748 312 1777 non
348 1733 554 1788 modicus,
599 1733 798 1792 quoniam
839 1733 1011 1791 quidem
1047 1732 1302 1776 Adelbertus
1340 1747 1484 1789 regem

57 1797 62 1800 ’
84 1792 222 1835 enisse
235 1798 250 1821 ²
278 1791 506 1836 nuntiatur.
564 1789 659 1833 Rex
688 1797 879 1847 preterea
907 1789 1034 1832 huius
1064 1788 1118 1832 ob
1148 1788 1378 1832 adventum
1398 1803 1484 1832 non

1 1898 4 1902 ξ
51 1845 53 1853 ⁴
116 1868 137 1886 ιι
178 1845 448 1901 exhilaratus,
518 1861 686 1889 roceres
724 1845 779 1888 ad
817 1861 862 1888 se
898 1846 1043 1889 venire
1082 1851 1210 1902 atque
1251 1846 1295 1887 in
1333 1845 1483 1888 iuditio

2 1936 4 1942 ι
44 1902 182 1962 ξιᾶθιο
211 1903 415 1960 precepit.
514 1902 639 1946 uibus
669 1908 711 1945 et
739 1903 816 1945 ait:
856 1902 958 1945 ‘Iam
989 1901 1076 1944 fere
1107 1902 1326 1960 septennio
1356 1901 1483 1945 Adel-

3 1979 5 1984 ’
36 2004 46 2007 ,,
101 1974 140 2003 ιε
184 1966 362 2016 quantas
405 1965 566 2015 strages
608 1958 782 2013 dederit,
864 1972 940 2001 uas
982 1957 1105 2001 nobis
1148 1957 1294 2001 turbas
1337 1957 1483 2014 egerit,

4 2030 5 2034 ¹
43 2018 104 2059 dt
130 2016 372 2073 rapinarum
402 2022 443 2058 et
472 2015 762 2057 incendiorum
792 2015 806 2056 i
854 2015 1018 2058 ortunia
1046 2013 1170 2057 nobis
1199 2012 1396 2068 intulerit,
1436 2029 1482 2056 re

56 2104 80 2107 „
122 2072 263 2130 potius
293 2086 419 2128 quam
448 2070 562 2113 fama
591 2070 805 2114 deferente
824 2071 1107 2128 percepimus.
1165 2070 1290 2113 Unde
1321 2077 1363 2113 et
1392 2084 1483 2112 sen·

130 2142 173 2171 m
192 2133 388 2179 vestram,
420 2141 496 2184 pro
517 2127 598 2170 hoc
625 2129 736 2170 'tam
757 2126 948 2193 preclaro
977 2127 1163 2170 facinore
1193 2125 1295 2183 quid
1323 2139 1483 2168 recom-

77 2185 256 2238 ,tionis
294 2183 644 2243 inpresentiarum
682 2184 877 2240 accipiat,
914 2182 1215 2240 expectamus'.
1274 2182 1360 2236 Qui
1396 2196 1482 2224 om·

87 2266 104 2275 -·
134 2239 318 2294 decreto,
338 2239 569 2284 seeundum
599 2239 832 2297 priscorum
854 2239 1043 2282 instituta
1061 2253 1223 2295 regum,
1253 2238 1482 2282 maiestatis

4 2340 9 2349 ..
138 2295 428 2351 adiudicatus,
479 2296 616 2354 eapite
659 2302 891 2338 truncatur.
962 2295 1124 2337 Verum
1169 2294 1269 2337 dum
1312 2294 1481 2338 vinctus

3 2356 9 2378 ⁹³
60 2360 66 2381 0'
75 2358 235 2396 retur
274 2351 329 2394 ad
372 2357 564 2405 mortem,
609 2351 837 2395 Hattonem
882 2351 1078 2395 intuitus:
1128 2349 1344 2404 ‘Pei-iurii',
1389 2350 1483 2394 infit

0 2455 8 2464 ξ
71 2428 102 2445 ι-
146 2409 241 2463 eris,
281 2408 316 2451 si
354 2414 510 2451 memet
544 2422 691 2450 necem
725 2408 966 2450 incurrere⁰
1003 2407 1129 2450 sinis'.
1192 2406 1272 2450 Cui
1301 2405 1480 2450 Hattod:

3 2479 10 2495 ³·
72 2478 174 2508 wum
205 2466 270 2518 te’,
298 2465 446 2522 inquit,
484 2468 521 2506 ‘e
559 2472 696 2507 castro
735 2463 998 2517 educturum,
1036 2463 1095 2506 ita
1129 2469 1172 2507 et
1207 2462 1480 2506 reducturum

0 2549 4 2554 -
49 2530 70 2579 ..ι
90 2521 193 2576 uisi3
223 2519 335 2579 quod
364 2534 432 2564 me
462 2528 562 2564 tunc
590 2518 808 2577 conplesse
838 2519 1038 2574 intellexi,
1069 2534 1166 2562 eum
1196 2525 1237 2562 te
1266 2533 1290 2562 e
1311 2517 1481 2563 castello

47 2582 212 2634 gotum,
256 2574 418 2619 salvum
463 2583 506 2619 et
542 2574 823 2619 incolumem⁰
864 2589 992 2633 quam
1033 2590 1134 2618 mox
1174 2575 1217 2618 in
1263 2573 1481 2618 castellum

6 2673 13 2693 ἲ

85 2703 132 2731 -u
154 2705 181 2732 ι.
260 2703 290 2737 b)
314 2710 340 2731 ο.
363 2704 445 2731 vum
467 2703 495 2731 5.
518 2704 571 2731 δι.
595 2702 660 2731 δι’.
747 2703 775 2737 c)
799 2704 920 2731 Ιιιοιιιτο
944 2705 968 2732 1.
1056 2703 1088 2737 d)
1110 2703 1181 2731 hato
1204 2705 1230 2730 1.
1312 2701 1341 2736 ο)
1366 2703 1386 2730 Ι.
1409 2701 1481 2736 {non

62 2742 71 2785 ’ξ
91 2741 249 2778 dtis-ime]
273 2743 301 2770 δ.
323 2741 362 2777 (7)
381 2746 439 2770 ens
459 2750 539 2769 cocu
560 2750 660 2769 nacae
683 2745 708 2770 1.

70 2811 71 2814 ξ
117 2839 148 2865 ο.
174 2835 316 2876 propter
345 2830 564 2866 ferocitatem
600 2832 720 2874 animi,
754 2841 825 2876 qna
857 2835 893 2866 te
927 2831 1021 2866 vinei
1054 2831 1151 2873 sinis,
1183 2839 1254 2864 non
1289 2828 1481 2873 intellegis,

11 2864 18 2885 ⁴
59 2890 167 2932 'unm
193 2885 254 2914 ecc.
355 2880 393 2923 2)
419 2881 442 2914 i.
470 2890 501 2915 e.
527 2880 573 2914 ad
603 2890 722 2925 regem
748 2881 900 2915 venisse.

1498 342 1563 370 906.

1496 2145 1507 2158 ‘
1521 2155 1548 2181 p.
1560 2148 1626 2175 8⁹0.
