1838 3210
208 209 511 246 LIUDPRANDI
536 209 882 245 ANTAPODOSIS.
932 209 1028 243 LIB.
1055 209 1125 244 111.
1177 209 1287 242 3-4.
1454 210 1499 242 5⁷

44 343 65 378 ²ss
125 322 217 366 Nec
245 323 365 366 iuvat
390 322 636 378 Hungarios
665 320 764 364 solis
793 321 871 364 hos
894 335 1021 364 urere
1050 320 1245 374 flammis,
1513 331 1580 360 924.

124 378 326 436 Undique
355 379 625 430 conveniunt,
656 384 920 435 mortemque
950 377 1103 420 inferre
1133 377 1359 430 minantur,

69 445 95 482 o
126 434 388 478 Confodiunt
414 433 523 489 telis,
552 433 714 476 calidus
745 448 852 490 quos
881 435 1031 476 terruit
1057 433 1182 490 ignis.

52 497 58 524 ἰ
125 490 275 534 Uritur
302 489 472 534 infelix·
505 488 605 532 olim
634 489 848 532 formonsa
874 489 1028 546 Papia!

44 544 66 590 ’Ξ
125 546 431 605 Vulcanusque
460 560 560 588 suos
588 543 781 589 attollens
810 544 981 588 flatibus
1010 551 1140 600 artus,

124 601 341 646 Ecclesiae
366 603 634 660 patriamque
664 601 789 644 simul
818 601 1066 645 conscendit
1093 601 1139 643 in
1169 615 1349 643 omnem.

43 659 57 701 2
96 658 444 716 ‘Extinguntur¹
472 665 641 712 matres,
670 658 805 724 pueri,
833 658 1122 715 innuptaeque
1149 656 1335 714 puellae*
1347 665 1375 698 ².
1511 663 1642 712 :nso-¹-

44 737 55 767 χ
72 726 94 761 δ
126 714 285 758 Sancta
313 715 558 759 catervatim
587 721 765 757 montur
793 714 1059 758 catecumina
1087 712 1206 770 ples⁸
1236 720 1352 767 tunc,
1387 723 1394 729 ·
1523 707 1714 771 Ὺξζζῗξξω

46 782 59 814 ,ἐ
125 770 275 814 Presul
303 772 348 814 in
375 771 481 814 urbe
509 785 589 813 sua
615 770 696 813 hac
726 771 904 812 moritur
933 776 1190 826 sanctusque
1219 768 1430 821 sacerdos,

124 827 306 870 Nomine
336 827 408 885 qui
466 827 609 884 roprio
638 826 776 870 bonus
806 834 870 869 est
899 825 1121 883 dictusque
1149 825 1360 868 Iohannes
1372 833 1402 867 ⁴.

126 881 253 936 Quod
281 882 419 927 fuerat
462 898 574 948 ongo
603 882 735 926 thecis
765 883 810 925 in
838 890 1029 940 tempore
1059 880 1265 935 clausum,

39 942 58 990 ζ
125 938 194 982 En
222 939 344 994 iacet,
372 938 455 982 hoc
482 938 620 982 ahena
648 953 799 981 manus
828 953 882 981 ne
911 943 1103 995 tangeret
1130 951 1296 992 aurum,

43 1005 95 1050 zo
123 997 267 1061 Atque
295 1010 373 1061 per
400 996 614 1038 inmensas
644 993 888 1038 dissolvitur
916 995 1015 1060 igne
1045 992 1224 1037 cloacas.

51 1079 64 1091 ,
124 1050 275 1095 Uritur
302 1049 449 1094 infelix
479 1050 578 1094 olim
608 1050 823 1094 formonsa
850 1051 1007 1108 Papla!

38 1115 63 1157 ἓ
125 1105 348 1151 Cerneret‘
378 1107 542 1165 argenti
571 1107 700 1161 rivos,
732 1114 984 1165 paterasque
1014 1106 1231 1161 micantes,

51 1180 56 1193 ³
124 1162 316 1221 Corpora
343 1164 551 1206 maiorum
580 1164 739 1220 passim
770 1162 975 1206 conbusta
1002 1162 1205 1204 virorum.

122 1218 306 1277 Iaspidis
334 1219 403 1263 hic
432 1219 623 1277 precium
652 1218 801 1262 viridis
830 1218 1029 1276 rutilique
1064 1218 1221 1275 topazii

53 1285 92 1331 2⁶
124 1275 359 1333 Spernitur,
390 1282 432 1319 et
461 1274 670 1333 saphyrus
699 1273 905 1332 pulcherb
915 1273 1195 1373 flpulcherque
1223 1273 1415 1330 berillus3

54 1383 56 1386 ,
122 1331 295 1375 Institor
321 1331 406 1375 heu
434 1331 585 1375 faciem
613 1330 755 1374 nullus
783 1338 885 1374 tunc
946 1331 1046 1374 ectit
1073 1330 1129 1373 ad
1157 1345 1322 1376 aurum.

123 1387 273 1431 Uritur
300 1386 450 1430 infelix
478 1386 578 1431 olim
606 1387 821 1430 formonsa
848 1387 1002 1445 Papia!

52 1458 66 1486 ·:
123 1442 314 1487 Lucidus
342 1444 556 1487 inmensas
586 1445 645 1487 eri
678 1445 711 1487 it
738 1458 817 1487 nec
846 1443 961 1486 fonte
990 1443 1154 1486 carinas

54 1510 58 1529 ῑ
123 1499 314 1554 Ticinus,
344 1500 509 1544 sentina
536 1459 675 1543 simul)
691 1499 943 1543 diffunditur
971 1499 1083 1565 igne.

55 1565 61 1570 “
125 1555 233 1600 Usta
259 1563 324 1600 est
352 1555 501 1600 infelix
530 1554 630 1599 olim
659 1556 874 1599 formonsa
901 1556 1037 1612 Papia

65 1637 122 1667 uo
171 1623 408 1668 dominicae
454 1625 755 1668 incarnationis
802 1623 1197 1677 DOCCCXXIIII,
1254 1623 1354 1666 ΙΠΙ.
1397 1623 1501 1667 Idus

56 1696 61 1726 2
141 1712 151 1735 ,
181 1679 412 1724 indictione
441 1680 543 1735 XII,
574 1687 695 1724 sexta
723 1680 841 1735 feria,
870 1680 975 1723 hora
1002 1681 1139 1723 tertia.
1189 1681 1384 1734 Quorum
1415 1696 1501 1724 me-

51 1739 86 1773 l'n
107 1736 190 1779 'am
219 1736 315 1794 piae
343 1737 648 1780 recordationis
677 1737 846 1790 affectu,
877 1737 950 1795 qui
981 1735 1131 1780 eodem
1155 1736 1368 1780 combusti
1388 1744 1499 1791 sunt,

69 1798 71 1801 ’
117 1799 160 1836 et
189 1792 450 1851 quicumque
478 1791 679 1851 legeritis,
708 1793 886 1848 faciatis,
915 1791 1188 1836 vehementer
1216 1807 1359 1836 exoro.

55 1854 59 1911 ,’
122 1861 164 1904 4.
221 1860 382 1904 Verum
417 1861 600 1928 piissimi
645 1860 1031 1927 omnipotentisque
1075 1860 1248 1916 domini,
1293 1861 1364 1904 cui
1406 1875 1500 1919 pro-

56 1920 141 1959 w-ta
168 1916 500 1960 misericordiam
539 1923 582 1961 et
619 1916 819 1961 iuditium
859 1917 1057 1972 conclnit,
1095 1918 1304 1975 cuiusque
1341 1917 1501 1965 miseri·
1514 1929 1663 1964 P·.82‚⁵·

94 1972 144 2009 ·'=
191 1971 319 2030 plena
355 1979 420 2017 est
454 1980 578 2028 terra,
618 1987 754 2031 usque
792 1972 847 2016 ad
886 1973 1294 2017 consummationem
1330 1972 1500 2031 gladius

53 2049 87 2066 ϊ
126 2026 301 2072 desevit.
365 2028 476 2072 Nam
515 2029 594 2073 etsi
631 2029 819 2087 peccatis
855 2030 1196 2087 promerentibus
1235 2035 1300 2073 est
1334 2036 1500 2083 exusta,

53 2104 87 2122 11·
126 2091 269 2128 tamen
297 2084 564 2128 inimicorum
594 2084 792 2129 manibus
821 2085 988 2129 tradita.
1055 2085 1347 2151 Impleturque
1386 2086 1501 2143 quod

60 2162 67 2175 ·
118 2147 161 2184 et
189 2140 398 2199 propheta
416 2147 578 2185 cantat:
609 2141 843 2199 ‘Numquid
862 2142 907 2184 in
926 2148 1145 2185 aeternum
1166 2142 1346 2200 proiciet
1364 2134 1632 2201 deus?}’2¹⁷0⁶‘

52 2201 87 2240 t
113 2210 199 2239 non
227 2211 253 2239 a
284 2204 426 2254 ponet,
461 2205 509 2242 ut
547 2211 640 2240 com
673 2195 845 2240 lacicior
885 2198 940 2240 sit
967 2197 1138 2241 adhuc?
1185 2205 1260 2241 aut
1298 2198 1342 2240 in
1371 2197 1500 2241 finem
1615 2195 1622 2202 '

57 2253 206 2314 frico
260 2267 343 2295 iam
374 2268 495 2297 suam
523 2253 640 2297 absci
673 2260 726 2307 et,
753 2267 780 2295 a
829 2254 1071 2297 eneratione
1091 2254 1133 2296 in
1153 2253 1500 2320 generationem?
1540 2295 1545 2300 .

51 2314 100 2352 ‘t
142 2307 417 2354 obliviscetur
454 2309 644 2353 misereri
673 2268 828 2352 deus}
860 2316 935 2352 aut
971 2309 1203 2353 continebit
1241 2310 1285 2353 in
1324 2311 1387 2353 ira
1422 2325 1501 2353 sua
1512 2322 1711 2358 mmmm.

80 2398 84 2400 .
102 2364 319 2408 -dcordias
350 2365 490 2409 suas‘?
538 2365 731 2423 Itemque
760 2365 798 2408 ei
827 2365 937 2409 alius
967 2366 1176 2432 propheta
1204 2365 1328 2409 dicit:
1372 2366 1498 2411 ‘Cum

38 2421 57 2469 ,¹
74 2427 143 2464 tus
180 2420 325 2475 fueris,
365 2420 679 2465 misericordiae
715 2421 1034 2465 recordabens’.
1107 2421 1326 2481 Reliquiae
1370 2423 1500 2479 igitur

22 2477 25 2482 ⁴
55 2497 119 2514 πε
151 2484 439 2535 superet-ante,
469 2477 704 2535 Hungariis
732 2492 817 2521 non
846 2477 1067 2522 inviriliter
1091 2477 1361 2534 resistebant3
1392 2478 1498 2522 adeo

1515 1101 1523 1110 “
1536 1102 1654 1129 seilicet

1514 1142 1566 1175 qni
1582 1142 1711 1168 adesset.

51 2616 58 2629 r
86 2619 88 2622 >
112 2607 246 2637 utuntur
266 2612 342 2632 corr.
367 2604 472 2638 Poiper.
593 2604 625 2638 b)
649 2612 735 2632 esru-
758 2606 857 2632 incer-ie
878 2605 906 2632 8.
936 2606 1043 2633 lacuna
1066 2607 1096 2633 in
1117 2606 1181 2640 5⁸3
1210 2610 1298 2641 ortyx
1322 2605 1395 2640 δίς
1418 2614 1499 2642 onyx

59 2673 62 2674 ⁷
127 2666 132 2671 .
155 2644 283 2677 pulcher
303 2644 371 2671 aad.
396 2644 504 2678 Paper.
585 2644 613 2679 c)
635 2650 852 2679 supererat-snt
875 2647 902 2671 1.

19 2740 29 2775 f
52 2749 185 2795 νοις.
210 2750 298 2785 Aen.
326 2750 389 2792 lv,
422 2750 481 2785 es.
601 2751 639 2795 2)
664 2752 772 2797 νοις.
801 2752 908 2797 Gorg.
935 2753 996 2794 1v,
1023 2752 1106 2786 476.
1209 2752 1248 2796 a)
1274 2754 1298 2787 i.
1328 2764 1357 2788 ε.
1385 2753 1498 2798 plebs.

53 2797 168 2846 *Cum
195 2799 354 2834 Iohanne
381 2801 549 2845 episcopo
577 2802 682 2836 etiam
709 2801 958 2846 Ragsmfridus
973 2801 1212 2837 Vercellensis
1230 2806 1377 2837 mortem
1397 2802 1496 2842 obiit,

19 2860 65 2900 ss.
83 2846 277 2883 flodoardi
304 2849 394 2883 Ann.
421 2859 454 2883 s.
481 2849 562 2884 92⁴,
