1838 3210
221 241 526 276 LIUDPRANDI
551 240 896 276 ANTAPODOSIS.
945 240 1040 277 LIB.
1066 241 1096 276 Ι.
1149 240 1306 275 25-28.
1471 242 1514 275 17

68 359 77 404 J
99 354 231 397 tione
258 354 413 397 acriter
440 368 517 396 rex
546 353 793 410 insequitur,
834 351 961 396 urbes
990 359 1033 395 et
1061 351 1232 395 castella
1261 354 1403 395 omnia
1431 352 1513 395 sibi

50 409 267 453 ‘.;‚’tent1a:
303 409 348 452 vi
384 408 613 453 debellans.
680 407 855 451 Nullum
898 407 1107 465 siquidem
1150 408 1287 452 fuerat
1327 417 1509 452 castrum

113 483 119 501 ι
161 484 167 501 2
207 465 334 508 etiam
363 466 456 523 ipsa
486 466 708 518 munitum,
744 464 858 522 quod
886 465 1031 507 virtuti
1070 463 1195 506 huius
1234 463 1382 507 saltem
1411 465 1512 508 resi·

123 540 134 559 ι
177 520 406 564 moliretur.
474 521 590 575 Quid
626 528 768 564 autem
806 520 980 574 mirum,
1020 535 1118 563 cum
1158 521 1251 586 ipsa
1289 521 1509 564 civitatum

39 582 88 615 1η.
111 577 218 620 ‘um
245 578 404 634 regina,
438 591 596 634 magna
623 576 784 619 scilicet
811 576 968 630 Roma,
1005 576 1129 619 huius
1166 583 1372 633 impetum
1400 577 1510 620 ferre
1524 585 1592 614 8⁹6·

39 633 294 676 ¹univerit?
350 633 578 676 Enimvero
617 632 718 675 dum
758 647 784 674 a
823 633 1024 675 Romanis
1059 634 1102 674 in
1157 632 1325 676 ediendi
1360 632 1510 676 urbem

41 701 43 724 ἑ
67 710 73 725 ·
100 704 124 733 c
145 688 293 732 fidutia
311 697 550 746 negaretur,
581 696 836 731 convocatos
855 688 910 730 ad
930 702 1021 731 sese
1041 689 1097 730 m'
1132 695 1194 731 tes
1214 690 1273 731 ita
1292 690 1510 733 convenit:

33 751 46 777 ³-
64 767 95 789 ο.
139 744 412 802 ‘Magnanimi
439 759 635 802 proceres
665 752 707 788 et
736 743 839 787 clari
866 745 1002 787 Marte
1031 743 1231 799 secundo,
1335 746 1509 789 Versus.

138 800 274 843 Arma
331 801 457 845 uibus
486 801 673 844 studium
701 800 817 843 fulvo
846 799 1010 843 radiare
1039 799 1220 855 metallo,

137 816 388 900 Romulidae
417 858 526 900 sueti
554 857 702 900 vacuis
732 855 846 914 quod
876 856 1057 899 condere
1086 857 1276 913 scriptis3

138 913 302 957 Sumite
330 927 442 955 nunc
470 913 646 967 animos,
676 911 796 955 vobis
825 911 942 955 furor
969 926 1088 954 arma
1114 913 1369 956 ministret1!

137 969 233 1012 Non
262 970 491 1026 Pompeius
519 968 651 1023 adest,
681 982 767 1011 non
794 967 928 1011 Iulius
957 967 1026 1011 ille
1053 967 1217 1023 beatus,

137 1025 222 1079 Qui
251 1033 416 1068 nostros
446 1024 609 1068 domuit
636 1038 817 1081 proavos
846 1039 1048 1068 mucrone
1076 1023 1258 1079 feroces;

136 1080 294 1124 Indolis
323 1080 446 1124 huius
475 1081 589 1124 enim
618 1088 831 1123 summos*
862 1079 1041 1123 deduxit
1068 1079 1123 1123 ad
1153 1081 1293 1138 Argos
1305 1088 1332 1134 ²3

136 1136 317 1180 Protulit
345 1138 388 1180 in
417 1136 554 1180 lucem
586 1145 739 1194 quem³
770 1144 916 1179 sancta
944 1137 1160 1179 Britanica
1190 1144 1335 1180 mater.

136 1192 217 1236 His
247 1200 357 1236 torta
385 1193 572 1236 studium
603 1194 783 1250 pingues
813 1200 982 1250 captare
1011 1192 1164 1235 siluros

137 1247 382 1303 Oannabeb,
410 1264 494 1292 non
525 1248 684 1306 clipeos
712 1248 908 1291 manibus
936 1256 1103 1304 gestare
1132 1249 1371 1292 micantes’!

136 1304 203 1348 27.
247 1305 328 1348 His
356 1319 475 1348 eroes
504 1305 627 1348 dictis
657 1306 819 1347 animos
848 1305 1031 1359 accensi,
1061 1305 1191 1347 vitam
1220 1304 1357 1347 laudis
1375 1304 1509 1347 avidi-

147 1368 462 1418 contempnunt.
533 1361 692 1419 Clipeis
729 1361 826 1404 deni
859 1376 912 1404 ue
952 1359 1138 1403 cratibus
1169 1376 1223 1405 ue
1263 1361 1509 1404 catervatim

49 1418 174 1475 perti,
201 1431 344 1460 muros
362 1417 479 1460 adire
500 1417 781 1471 contendunt3
810 1375 996 1475 plurima
1014 1417 1141 1460 etiam
1192 1416 1368 1460 ellorum
1388 1431 1508 1474 para-

51 1481 172 1517 erant
197 1473 487 1527 instrumenta,
516 1489 614 1517 cum
641 1475 750 1517 inter
768 1473 996 1539 agendum,
1025 1471 1183 1530 populo
1203 1473 1507 1528 considerante,

42 1530 233 1586 ·ntingit
258 1528 522 1587 lepusculum
553 1529 736 1572 clamore
775 1544 865 1572 eius
903 1529 1151 1572 exterritum
1181 1529 1330 1573 urbem
1360 1544 1507 1573 versus

38 1605 56 1633 ς·
76 1605 90 1637 ⁴.
108 1601 181 1629 ·re.
240 1585 380 1640 Quem
409 1586 511 1629 dum
545 1586 768 1640 exereitus,
797 1593 845 1628 ut
872 1584 1047 1639 adsolet,
1076 1585 1317 1629 vehementi
1345 1586 1508 1642 impetu

55 1648 293 1696 oneretur,
337 1642 516 1685 Romani
586 1650 751 1685 utantes
789 1656 833 1684 se
874 1641 1121 1698 inpugnari,
1166 1642 1218 1684 de
1257 1656 1377 1685 muro
1416 1656 1508 1685 sese

42 1697 48 1702 ’
72 1697 236 1749 iciant
247 1704 278 1739 ⁴.
309 1698 435 1751 Quod
452 1657 634 1755 poplilus
650 1712 838 1751 cernenS,
854 1695 1117 1754 sagmatibus
1133 1696 1331 1756 sellisque
1352 1697 1508 1755 quibus

79 1754 147 1796 uis
169 1753 412 1797 insederant
439 1755 558 1796 iuxta
585 1768 753 1796 murum
782 1754 995 1810 proiectis,
1025 1768 1102 1810 per
1130 1768 1278 1796 eorum
1305 1769 1510 1797 acervum

39 1810 193 1853 'urum
220 1809 456 1853 ascendunt
467 1816 495 1852 ⁵.
544 1811 648 1853 Pars
676 1824 777 1852 vero
807 1808 955 1867 populi
984 1808 1183 1875 quedam,
1211 1817 1387 1867 accepta
1406 1825 1511 1853 mox

75 1887 77 1890 ·
101 1884 110 1902 ο
129 1885 141 1903 ι
174 1866 482 1923 quinquaginta
509 1865 666 1923 pedum
694 1879 871 1922 procera
899 1864 1175 1923 longitudine,
1215 1873 1378 1923 portam
1409 1880 1510 1924 qua·

15 1967 18 1971 Δ
41 1928 148 1976 ωε,
177 1929 220 1965 et
238 1921 418 1965 Romam
448 1936 574 1988 quam
595 1921 855 1964 Leonianam
885 1921 1044 1975 dicunt,
1073 1923 1118 1964 in
1148 1936 1234 1987 qua
1261 1922 1374 1967 beati
1395 1923 1510 1966 Petri

35 1981 71 2030 ’,ι
91 1975 310 2021 ·stolorum
340 1979 541 2036 principis
570 1978 802 2036 pretiosum
831 1991 988 2035 corpus
1019 1978 1208 2035 quiesmt,
1248 1979 1291 2021 vi
1321 1979 1508 2036 capiunt.

15 2055 22 2090 s
75 2033 167 2077 ·teri
204 2048 304 2077 vero
346 2034 419 2092 qui
455 2042 570 2077 tmns
607 2033 796 2077 Tiberim
832 2041 965 2088 erant,
1004 2033 1085 2077 hoc
1124 2034 1272 2077 timore
1302 2034 1508 2092 conpulsi,

17 2095 23 2108 *
55 2089 151 2132 nius
181 2088 415 2133 dominatui
445 2089 552 2132 colla
580 2088 847 2133 submittunt.

54 2148 58 2155 '
136 2145 204 2189 28.
248 2145 373 2189 Hoc⁶
400 2147 443 2188 in
479 2154 668 2204 tempore
698 2146 925 2188 Formosus
964 2160 1078 2203 papa
1115 2145 1454 2202 religiosissimus
1484 2159 1511 2188 a

44 2202 228 2245 ·manis
261 2202 532 2246 vehementer
568 2200 851 2256 aflictabatur,
887 2202 1008 2244 cuius
1047 2208 1090 2244 et
1124 2201 1293 2244 hortatu
1331 2201 1509 2244 Romam

20 2278 81 2307 .,-»
130 2256 335 2301 Amulfus
363 2258 605 2302 advenerat.
661 2258 711 2300 In
741 2258 862 2301 cuius
891 2258 1099 2314 ingressu,
1129 2256 1371 2300 ulciscendo
1398 2272 1509 2315 pape

56 2313 236 2369 'ui-iam,
276 2312 429 2357 multos
459 2314 745 2357 Romanorum
782 2313 995 2371 principes
1035 2313 1206 2357 obviam
1242 2313 1322 2357 sibi
1359 2328 1510 2371 prope·

85 2376 165 2413 tes
194 2368 401 2413 decollare
430 2370 634 2427 precepit.
1482 2379 1486 2386 ·

15 2465 25 2525 Ξ
45 2473 61 2513 )
78 2484 180 2507 mos
204 2480 228 2505 1.
310 2477 341 2512 b)
362 2478 404 2504 Mc
425 2485 524 2503 verme
542 2478 615 2504 decet
637 2478 662 2505 8.

16 2550 32 2594 ζ’
95 2554 150 2589 ef.
175 2555 282 2599 Vei-g.
317 2556 405 2588 Aen.
433 2555 461 2596 1,
498 2555 579 2588 150.
777 2554 815 2597 2)
848 2554 884 2587 in
910 2554 1118 2596 Graeciam,
1154 2553 1508 2599 Constantinopolim.

107 2602 358 2638 Constantinus
394 2603 443 2638 Μ.
482 2604 695 2648 imperator,
737 2606 882 2637 sanctae
928 2603 1089 2637 Helenae
1133 2603 1359 2637 Britannicae
1404 2602 1508 2637 filius.

19 2670 26 2696 ,5
48 2655 61 2691 J
93 2650 150 2687 cf,
178 2651 221 2686 de
248 2652 315 2686 hnc
341 2651 463 2686 sabula
481 2651 650 2686 Herodot.
671 2651 731 2691 lv,
751 2662 781 2684 c.
803 2651 889 2692 1³⁴5
917 2652 1063 2693 Grimm,
1089 2651 1270 2687 Denuche
1288 2651 1508 2696 Mythologie

16 2699 26 2739 'f
92 2699 196 2734 1080.
226 2700 331 2734 1081.
480 2699 518 2743 ὓ)
546 2701 599 2735 cf.
627 2699 814 2735 Benedicti
850 2700 973 2735 chron.
1000 2712 1031 2735 c.
1059 2701 1123 2734 80:
1150 2711 1171 2734 s
1197 2711 1280 2744 rege
1307 2702 1374 2743 (sc.
1402 2706 1509 2745 cepte

16 2779 22 2796 2
64 2767 66 2772 ·
117 2750 243 2784 civim
268 2747 468 2794 Leonisnn)
494 2750 551 2784 cui
576 2759 703 2783 nomen
730 2753 806 2783 erat
830 2749 1015 2792 Amulium
1050 2750 1165 2784 ferunt
1189 2759 1340 2794 nsmque
1368 2749 1461 2793 quod
1488 2759 1510 2782 s

57 2818 70 2842 g
93 2813 118 2827 ι,
151 2797 367 2833 esbsuomm
392 2798 517 2833 fnisset
541 2808 749 2844 appreensa.
850 2798 887 2839 6)
913 2799 1014 2841 Quae
1039 2803 1243 2843 sequuntur,
1269 2808 1292 2831 ι
1318 2798 1508 2832 collectore

106 2848 192 2882 tiss
218 2846 421 2891 pontificum
449 2847 684 2882 Romanorum
711 2846 775 2881 snb
802 2846 890 2881 sslso
917 2847 1137 2893 Liudprsndi
1165 2848 1306 2882 nomine
1341 2847 1508 2891 vulgatae

12 2906 58 2947 3
89 2894 257 2930 ron-mono
283 2896 461 2940 exscripta
486 2899 578 2931 sunt.

1182 2965 1202 2995 2

1523 625 1613 652 Febr.
