1838 3210
229 359 293 385 968.

175 398 243 425 Iun,
268 398 294 424 7.

124 801 134 812 “
146 803 293 830 inducias.

159 1537 171 1550 ⁶
181 1547 210 1573 p.
222 1539 288 1566 ³49.

313 236 380 269 1⁴0
698 230 999 266 LIUDPRANDI
1027 230 1254 264 LEGATIO.
1307 229 1414 262 7—9.

311 360 484 388 suorum
513 345 615 400 iugo
646 358 781 401 usque
811 342 866 384 ad
893 357 1068 399 presens
1097 342 1245 396 exiret,
1275 341 1310 383 si
1334 355 1433 394 non,
1462 340 1671 384 immensa
1693 339 1770 385 da

308 402 501 459 pecunia,
530 400 769 443 Romanos·
800 399 1029 455 imperator
1057 398 1190 440 nostri
1212 398 1325 455 regis
1346 397 1543 454 Hugonis
1560 397 1691 441 amici
1708 397 1720 408 ⁹
1760 419 1800 440 m,

308 464 504 501 emeret1.
565 456 621 498 Et
648 454 752 498 haec
780 468 911 497 causa
939 453 1030 508 fuit,
1060 453 1175 511 quod
1202 453 1348 510 nepoti
1377 467 1454 496 suo
1482 459 1526 497 et
1542 452 1716 512 aeqniv
1736 473 1768 491 ιι·

308 515 422 571 regis
451 512 594 566 nostri,
622 510 812 554 eiusdem
842 510 1052 566 Hugonis,
1092 510 1282 567 spuriam
1311 509 1509 567 coniugio
1537 508 1796 568 copulavit·

309 569 379 623 Et,
408 577 456 612 ut
484 567 716 621 considero,
747 566 919 609 domino
949 581 1043 609 meo
1073 580 1159 608 non
1186 566 1367 624 gratiam
1397 565 1473 610 sed
1497 565 1802 624 impotentiam

308 623 498 678 ascribis,
529 622 641 722 qluod
670 629 767 680 post
795 622 943 666 Italiae
973 637 1050 665 seu
1068 622 1231 666 Romae
1249 622 1572 680 acquisitionem
1590 627 1655 666 tot
1680 643 1685 658 2
1710 644 1716 659 ·
1740 621 1803 683 21‘}
1837 623 1838 627 ’

308 696 401 724 eam
430 681 508 724 tibi
538 680 756 722 ‹imiserit
814 679 1071 722 Societatem
1100 693 1200 722 vero
1230 679 1456 734 amicitiae,
1489 692 1619 737 quam
1646 684 1692 723 te
1717 693 1763 736 p:
1792 700 1796 701 ⁷
1836 706 1838 729 ³

307 735 465 780 rentela
492 736 676 779 voluisse
703 734 844 778 facere
873 734 993 789 dicis,
1020 733 1213 777 fraudem
1232 749 1310 778 nos
1330 734 1561 793 dolumque
1578 742 1800 782 tenemus

307 793 545 850 pausanas*
576 791 725 849 exigis,
755 806 861 849 quas
890 806 970 833 nec
998 797 1040 834 te
1069 792 1242 846 exigere
1278 806 1418 848 neque
1451 804 1531 835 nos
1558 805 1707 835 convz·
1731 822 1740 829 -
1795 795 1796 798 ’

306 849 413 892 ratio
442 849 536 905 ipsa
564 846 791 905 compellit.
848 848 1011 890 Verum
1045 854 1094 890 ut
1120 846 1288 891 fallacia
1315 846 1608 905 exsculpaturJ
1635 862 1681 891 v
1714 847 1748 878 ⁶-
1792 873 1803 894 3
1836 863 1838 865 ’

307 919 393 947 non
421 904 666 947 reticeatur:
702 905 818 946 misit
853 918 922 946 me
958 903 1155 946 dominus
1193 918 1314 947 meus
1342 903 1399 946 ad
1426 910 1481 958 te,
1519 910 1569 948 ut
1594 904 1631 947 si
1673 926 1680 941 ι
1708 905 1719 915 ”
1761 926 1803 950 υ.

307 961 487 1003 Romani
528 961 793 1017 imperatoris
835 967 878 1003 et
917 959 1232 1017 Theophanaeb
1274 960 1576 1018 imperatricis,
1618 960 1804 1006 domin·

307 1031 401 1059 meo
450 1015 536 1058 filio
585 1031 675 1070 suo,
723 1016 870 1059 Ottoni
917 1017 1162 1073 imperatori
1210 1023 1408 1073 augusto,
1453 1017 1499 1059 in
1546 1018 1737 1075 coniugi
1761 1039 1801 1056 ..π

306 1071 472 1115 tradere
500 1071 699 1126 volueris,
727 1073 964 1116 iuramento
993 1072 1096 1115 mihi
1125 1071 1324 1126 affirmes,
1353 1078 1396 1116 et
1420 1087 1514 1130 ego,
1541 1087 1622 1131 pro
1648 1094 1661 1126 L
1702 1095 1706 1109 2
1730 1074 1765 1111 .·‚.
1791 1080 1798 1129 J

305 1143 401 1171 rum
443 1129 836 1185 recompensatione
879 1128 984 1172 haec
1035 1136 1077 1171 et
1117 1128 1224 1172 haec
1267 1129 1490 1172 dominum
1530 1142 1675 1173 meum
1715 1129 1797 1175 tib

305 1184 517 1227 facturum
555 1192 598 1227 et
636 1183 971 1238 observaturum,
1013 1184 1283 1228 iureiurando
1326 1183 1562 1229 affirmabo.
1620 1185 1710 1230 Sed
1761 1197 1800 1224 ι’

307 1241 511 1297 optimam
539 1241 749 1284 amicitiae
779 1240 1038 1283 arabonam⁰
1064 1241 1317 1284 fraternitati
1345 1249 1443 1285 tuae
1461 1256 1577 1285 nunc
1595 1242 1760 1286 domin
1793 1244 1800 1292 ῤ,
1832 1259 1835 1272 ²

306 1311 442 1361 meus·
466 1295 655 1350 contulit,
699 1311 797 1362 cum
836 1296 1068 1396 Appuliam
1113 1313 1283 1340 omnem
1325 1297 1526 1356 potestati
1566 1297 1723 1342 subdi
1749 1302 1798 1336 ι.-ἶ

306 1367 401 1395 meo
430 1359 684 1407 interventu,
725 1367 846 1395 culus

304 1463 575 1506 habitatores.

416 1521 475 1563 *8.
507 1520 742 1575 ‘Secunda'‚
770 1521 908 1579 inquit
925 1521 1206 1579 Nicephorus,
1236 1523 1353 1565 ‘hora
1371 1523 1456 1565 iam
1475 1523 1663 1580 transiit3
1692 1538 1768 1583 πρ
1789 1541 1794 1578 j

306 1577 473 1630 ἐλευσις,
503 1576 548 1618 id
577 1583 640 1619 est
668 1578 896 1633 processio,
935 1579 1057 1622 nobis
1096 1586 1160 1622 est
1198 1579 1464 1623 celebranda.
1521 1579 1651 1634 Quod
1678 1595 1726 1624 n·
1751 1603 1757 1618 ·
1778 1598 1797 1622 0:

305 1632 432 1731 grsbtat
459 1646 649 1689 agamus.
708 1632 868 1676 Contra
895 1634 1012 1690 haec,
1043 1649 1142 1678 cum
1173 1643 1429 1692 oportunum
1453 1635 1593 1691 fuerit,
1620 1651 1791 1696 respon

335 1702 358 1730 e
389 1689 525 1730 lmus’.
1789 1705 1793 1713 2

416 1745 455 1787 9.
499 1744 597 1787 Non
639 1746 784 1803 pigeat
826 1761 914 1802 me,
959 1763 989 1790 π
1019 1748 1201 1790 οέλευσιν
1242 1748 1381 1804 ipsam
1421 1747 1709 1804 describere³,
1761 1756 1796 1786 υἱ

305 1798 499 1842 dominos
550 1815 688 1856 meos,
736 1802 895 1849 audire.
1010 1805 1290 1861 egotiatorum
1343 1804 1569 1848 multitudo
1618 1819 1670 1848 co
1700 1805 1734 1848 i
1752 1827 1757 1843 a
1776 1811 1793 1840 V

304 1855 640 1914 ignobiliumque
666 1873 955 1915 personarum,
985 1874 1036 1903 ea
1064 1859 1387 1917 sollempnitate,
1417 1860 1608 1917 collecta,
1709 1881 1742 1899 :·

306 1913 544 1968 ceptionem
573 1920 615 1956 et
642 1913 812 1957 laudem
841 1915 1085 1982 Nicephori,
1117 1930 1143 1958 a
1171 1916 1329 1973 palatio
1358 1931 1496 1974 usque
1524 1916 1582 1960 ad
1599 1932 1677 1960 san
1728 1939 1733 1955 .-
1759 1916 1795 1955 u*

912 1369 963 1396 oc
1000 1355 1274 1411 suggestione
1311 1353 1471 1397 malum
1504 1353 1667 1398 factum
1700 1369 1760 1399 ev·
1780 1374 1797 1400 ις
1831 1378 1834 1407 2

304 1408 411 1451 dicis
421 1408 453 1450 d.
512 1407 646 1451 Cuius
674 1410 735 1451 rei
762 1415 826 1451 tot
854 1416 952 1452 sunt
977 1416 1119 1465 testes,
1161 1417 1265 1467 quot
1298 1416 1396 1453 sunt
1422 1410 1553 1454 totius
1579 1410 1701 1470 App
1725 1431 1754 1448 ι.
1780 1420 1796 1448 2²
1831 1415 1835 1444 ἱ

307 1966 524 2024 Sophiam,
563 1971 684 2027 quasi
712 1985 789 2027 pro
819 1987 965 2026 muns,
1008 1987 1106 2015 v1ae
1144 1974 1360 2028 margines
1395 1973 1514 2017 tenui
1586 1973 1647 2016 cl·
1670 1993 1679 2011 ι
1699 1994 1730 2012 -,.
1752 1969 1795 2012 ,“’

304 2024 504 2067 tenuibus
546 2026 648 2068 satis
691 2033 734 2069 et
771 2028 944 2084 spiculis
983 2028 1140 2072 vilibus
1184 2028 1453 2072 dedecorata.
1560 2029 1714 2074 coessit
1760 2051 1778 2069 z»
1830 2030 1832 2056 ÷

305 2073 360 2120 ad
399 2079 617 2124 dedecoris
660 2082 785 2125 huius
822 2092 1112 2141 augmentum,
1158 2085 1274 2142 quod
1311 2084 1431 2142 vulgi
1471 2086 1488 2128 i
1520 2085 1610 2129 sius
1664 2094 1789 2147 101123

304 2148 416 2191 pars,
454 2136 510 2178 ad
537 2136 707 2181 laudem
743 2139 891 2196 ipsius,
934 2140 1061 2183 nudis
1096 2148 1363 2199 processerat
1396 2141 1498 2199 pedi
1526 2157 1592 2185 us.

306 2205 368 2232 slc
397 2206 470 2234 eos
498 2199 682 2249 putasse,
721 2204 910 2239 sanctam
945 2212 1086 2254 ipsam
1123 2199 1266 2254 potius
1295 2212 1503 2241 exornare
1531 2199 1788 2256 nocemus*

308 2246 393 2289 Sed
423 2255 465 2291 et
493 2250 716 2306 optimates
747 2252 824 2306 sui,
866 2253 939 2310 qui
975 2268 1074 2296 cum
1102 2254 1196 2310 ipso
1225 2268 1304 2311 per
1329 2253 1543 2311 plebeiam
1571 2260 1614 2298 et
1650 2275 1699 2293 ιι
1717 2275 1761 2292 ν

307 2310 470 2345 eeatam
512 2305 824 2350 multitudinem
867 2309 1006 2366 ipsam
1047 2310 1320 2362 transierant,
1363 2325 1406 2352 m
1495 2311 1532 2354 is
1573 2317 1619 2354 et
1689 2311 1701 2321 ’
1715 2332 1735 2349 ι·
1749 2311 1761 2323 ‘

306 2365 512 2403 vetustate
540 2362 701 2405 rimatis
730 2365 885 2406 tunicis
923 2373 1043 2408 erant
1080 2366 1231 2409 induti.
1290 2366 1402 2410 Satis
1469 2367 1660 2410 ecentius
1688 2376 1787 2411 ου’

307 2413 434 2457 diana
474 2424 591 2460 veste
634 2419 770 2461 induti
812 2421 1103 2476 procederent.
1161 2422 1313 2465 Nullus
1357 2428 1431 2478 est,
1472 2424 1594 2466 cuius
1635 2429 1725 2467 ata
1748 2443 1754 2459 ι
1775 2456 1787 2467 μ,

306 2520 336 2555 ὃ)
359 2530 502 2550 romanus
524 2526 553 2551 C.
634 2526 665 2560 b)
688 2528 878 2561 Theophauu
900 2530 986 2563 legere
1007 2531 1125 2558 mallem.
1217 2530 1245 2565 c)
1268 2533 1306 2557 al.
1328 2533 1476 2565 optimum
1497 2532 1680 2560 arrabonem

306 2560 337 2595 d)
358 2563 418 2589 seiz.
438 2563 607 2592 dimiserit?
628 2567 810 2600 reliquerit?
1772 2572 1778 2582 ·’

308 2638 346 2683 1)
373 2640 428 2674 Cf.
454 2641 499 2674 de
524 2641 669 2676 foedere
695 2644 740 2676 ab
758 2644 911 2688 Hugone
928 2656 1013 2689 rege
1033 2657 1112 2679 cum
1130 2647 1290 2680 Romano
1308 2648 1380 2681 icto
1397 2649 1480 2682 Ant.
1497 2647 1557 2682 111
1576 2658 1608 2682 c.
1630 2646 1751 2683 22—2
1771 2619 1783 2662 ’Ἴ

306 2689 527 2733 Epiphanius
550 2693 863 2735 protospatharius,
890 2695 951 2737 qui
977 2705 1009 2727 a.
1030 2695 1101 2728 935
1129 2695 1281 2729 classem
1301 2701 1424 2730 contra
1440 2698 1619 2741 principes
1636 2698 1706 2742 Ap
1731 2695 1743 2707 ‘
1762 2717 1764 2719 -

306 2736 416 2779 duxit,
440 2739 586 2782 Hugoni
612 2742 691 2783 regi
717 2744 959 2776 centenarium
992 2754 1099 2776 unum
1126 2749 1331 2779 numeratae
1355 2746 1531 2790 pecuniae
1556 2745 1650 2780 dono
1676 2745 1775 2784 dem
1826 2767 1829 2782 1

304 2789 344 2819 ut
368 2791 429 2820 aut
453 2788 567 2831 ipsum
593 2790 728 2823 socium
755 2790 840 2824 belli
863 2796 925 2825 aut
942 2794 1064 2836 copias
1082 2793 1127 2825 ab
1147 2804 1190 2826 eo
1209 2795 1334 2828 missas
1351 2794 1555 2838 adquireret
1570 2794 1645 2840 (De
1694 2811 1699 2823 2
1724 2794 1774 2822 Τ

306 2834 409 2868 aulae
434 2837 471 2869 11
498 2847 529 2869 c.
551 2837 598 2869 44
622 2849 656 2881 p.
685 2838 784 2882 661).
865 2839 904 2883 2)
931 2841 985 2874 Cf.
1011 2841 1094 2875 Ant.
1120 2843 1152 2874 V
1179 2853 1210 2876 c.
1238 2843 1296 2876 14.
1325 2844 1383 2876 15.
1410 2844 1469 2877 20.
1543 2843 1584 2888 3)
1610 2843 1666 2879 ef.
1732 2860 1742 2882 r
1772 2884 1773 2887 Ἰ

306 2884 449 2917 stantini
475 2885 769 2930 Porphyrogeniti
794 2888 923 2923 librum
942 2889 986 2923 de
1006 2892 1214 2925 ceremoniis
1239 2892 1342 2925 aulae
1367 2893 1587 2936 Byzantinus
1604 2893 1648 2927 L.
1666 2893 1685 2927 1
1702 2902 1733 2928 e.
1758 2897 1789 2952 “⁴
