1838 3210
43 126 75 158 :3¹³¹

44 149 70 191 ἕ,
94 181 95 185 ,

43 199 59 215 ἱ

45 216 73 242 ’³21'

219 244 519 281 LIUDPRANDI
545 244 892 280 ANTAPODOSIS.
941 244 1037 279 LIB.
1064 245 1094 280 1.
1145 246 1302 280 32-33.
1470 249 1514 280 19

65 371 80 394 a
107 372 203 416 -pe
243 357 404 402 audivi.
476 356 562 400 Sed
605 356 670 399 his
713 357 923 400 ommissis
969 356 1026 399 ad
1072 357 1272 400 narrandi
1322 359 1513 402 ordinem

52 427 256 458 neamus.

132 470 202 515 32.
244 469 340 512 Rex
357 467 562 511 Arnulfus
591 468 789 512 desiderii
819 469 885 511 sui
905 483 1001 512 com
1035 483 1082 512 os
1102 469 1291 524 effectus,
1311 472 1511 528 persequi

28 525 276 569 fidonem¹
318 539 405 567 non
443 524 589 579 desiit,
627 525 959 583 profectusquea
1034 527 1284 580 amen’num,
1324 534 1511 569 castrum
1525 540 1583 575 (9.)

51 581 233 626 ocabulo
272 589 316 624 et
352 589 504 624 natura
532 581 725 624 Firmum
737 588 765 636 ²,
803 582 848 624 in
883 596 968 639 quo
999 581 1197 625 Widonis
1236 590 1373 624 ιιιιοι·8
1405 590 1508 638 erat,
1524 581 1592 646 {ffi-

26 690 28 693 Ι
61 637 200 681 ·:·d1t.
257 636 388 681 wido
417 644 561 680 autem
590 637 636 679 in
663 637 835 681 incertis
864 637 987 680 latuit
1022 637 1139 681 locis.
1197 639 1336 696 Igitur
1404 639 1512 682 refa·
1591 638 1598 645 '

21 699 26 735 Ῑ
80 714 101 731 ιι
141 701 340 747 castrum,
368 694 539 736 nomine
569 701 611 735 et
638 702 790 736 natura
817 694 1023 748 Firmum,
1063 693 1174 737 vallo
1212 696 1372 737 circum
1403 703 1512 750 atur,

23 750 164 793 mnia
192 749 398 793 bellorum
427 750 720 804 instrumenta,
761 750 917 807 quibus
946 751 1042 807 capi
1078 751 1227 808 possit,
1264 752 1512 807 paranturb.

29 805 31 807 ’
69 826 76 842 ι
99 821 216 863 nque
236 805 432 848 Widonis
462 820 571 847 uxor
599 806 765 862 magnis
794 806 982 863 undique
1002 807 1210 862 angustiis
1234 815 1511 864 premeretur,

19 865 34 887 Ψ
99 861 308 905 evadendi
347 876 445 919 spes
484 861 542 904 illi
583 862 837 906 omnimodis
875 869 1123 919 negaretur,
1169 877 1320 905 causas
1363 864 1512 907 mortis

12 919 163 971 3-ae2‘2
190 918 415 975 vipperina
446 918 561 974 cepit
597 917 826 962 calliditate
862 933 918 961 ex
948 919 1100 962 uirere.
1155 917 1358 962 Accitum
1394 933 1512 962 nam-

11 996 37 1032 ²4
61 989 104 1017 ·e
143 972 199 1016 ad
229 989 274 1017 se
339 973 523 1016 uendam
567 973 734 1016 Arnulfi
772 975 886 1031 regis
941 974 1301 1018 amiliarissimum
1343 990 1387 1018 m
1475 977 1512 1018 is

31 1044 118 1073 um
147 1031 312 1072 muneri
345 1045 395 1072 us
423 1037 559 1095 rogat,
590 1038 638 1073 ut
666 1045 710 1073 se
739 1030 924 1074 adiuvet.
974 1030 1059 1085 Qui
1090 1046 1188 1074 cum
1218 1047 1264 1075 se
1283 1046 1371 1074 non
1434 1033 1512 1075 ‘ter

12 1097 39 1141 μἰ
59 1101 144 1129 ιεεο
179 1092 415 1140 testaretur,
453 1087 534 1128 msi
571 1087 786 1130 civitatem
817 1087 977 1130 domini
1006 1088 1074 1130 sui
1114 1086 1299 1132 traderet
1337 1088 1510 1144 dicioni,

16 1147 35 1194 j·
71 1163 77 1177 -·
127 1142 255 1185 etiam
291 1149 419 1208 atque
457 1142 585 1185 etiam
625 1143 716 1185 auri
759 1142 949 1200 pondera
984 1157 1071 1186 non
1109 1143 1247 1186 solum
1289 1143 1511 1202 pollicens,

194 1199 323 1242 etiam
350 1213 396 1240 ιιι
423 1200 731 1256 presentiarum
761 1198 966 1254 tribuens,
1004 1207 1109 1254 orat,
1147 1206 1196 1243 ut
1223 1199 1378 1258 poculo
1408 1214 1510 1257 quo-

84 1275 105 1293 ιι
144 1254 199 1299 ab
229 1269 279 1298 ea
308 1253 390 1297 sibi
418 1253 568 1298 collato
597 1254 818 1298 dominum
847 1270 972 1298 suum
1001 1270 1047 1299 re
1104 1271 1147 1298 m
1175 1262 1363 1313 potaret3
1394 1256 1510 1314 quod

13 1319 102 1359 on
128 1311 277 1354 mortis
306 1310 541 1368 periculum
569 1311 702 1365 daret,
739 1312 815 1355 sed
852 1313 1006 1356 mentis
1044 1270 1252 1355 {Ji-itatem
1291 1312 1509 1356 mulceret.

8 1372 139 1421 ¹Vatiae
177 1367 319 1422 etiam,
359 1368 448 1410 suis
486 1374 534 1410 ut
571 1367 699 1411 fidem
745 1367 870 1411 dictis
899 1368 1110 1426 preberet,
1148 1376 1248 1412 ante
1277 1369 1343 1411 sui
1372 1369 1386 1411 i
1420 1369 1509 1411 sius

10 1424 272 1475 ss'resentiam
291 1422 373 1466 hoc
390 1438 523 1465 unum
544 1438 717 1466 suorum
738 1431 859 1481 potat
876 1439 1117 1479 servorum3
1139 1426 1214 1482 qui
1234 1426 1359 1467 unius
1409 1439 1509 1467 orae

26 1500 57 1532 „r-
76 1479 153 1523 tio
182 1480 429 1537 conspectui
449 1479 575 1522 huius
593 1479 781 1534 adstans,
812 1495 940 1523 sanus
959 1481 1178 1525 abscessit.
1218 1481 1381 1524 Verum
1401 1482 1508 1524 veri-

60 1549 154 1578 cam
182 1535 372 1578 Maronis
382 1542 414 1590 ⁴,
452 1536 626 1592 inquam
640 1568 651 1590 ,
690 1536 803 1579 illius
842 1538 1093 1580 sententiam
1122 1538 1166 1580 in
1194 1537 1383 1581 medium
1412 1552 1524 1594 prom

40 1612 45 1617 ·
85 1611 90 1628 ι
114 1612 135 1630 ιι
148 1605 220 1634 us:

126 1645 246 1690 ‘Auri
275 1661 396 1690 sacra
423 1646 556 1690 fames
587 1648 690 1705 quid
718 1663 803 1690 non
833 1649 1028 1691 mortalia
1055 1656 1231 1706 pectora
1260 1649 1424 1706 cogis'?

44 1713 64 1742 ῑι
88 1723 109 1741 ιι
121 1710 242 1760 ptum
262 1717 361 1746 nam
394 1718 446 1746 ue
466 1702 615 1747 loetale
634 1703 836 1761 poculum
856 1703 1033 1748 festinus
1052 1706 1143 1771 regi
1162 1706 1373 1763 propinat.
1409 1706 1507 1759 Quo

39 1767 43 1770 ’
67 1767 206 1818 cepto,
234 1764 354 1803 tanta
410 1774 493 1802 unc
524 1759 747 1803 confestim
778 1761 915 1802 somni
943 1761 1080 1804 virtus
1108 1763 1276 1816 invasit,
1306 1762 1507 1820 quatinus

37 1836 49 1873 ι
86 1816 151 1858 ‘us
179 1817 393 1859 exercitus
423 1823 507 1859 stre
540 1817 623 1858 itus
652 1830 750 1860 eum
771 1816 912 1859 triduo
932 1817 1134 1874 evigilare
1154 1819 1361 1876 nequiret.
1404 1818 1507 1861 Fer-

29 1892 48 1907 ··
100 1879 258 1926 autem,
286 1872 490 1929 quoniam
508 1830 613 1915 gum
633 1872 860 1916 familiares
881 1873 994 1915 hunc
1013 1874 1141 1917 modo
1161 1875 1356 1931 strepitu,
1375 1874 1505 1917 modo

13 1967 38 1984 „
158 1928 455 1985 inquietarent,
484 1929 641 1985 apertis
672 1928 806 1971 oculis
835 1928 894 1972 nil
931 1930 1099 1984 sentire,
1135 1929 1195 1972 nil
1230 1930 1349 1988 loqui
1411 1944 1505 1973 osse

9 1978 23 1990 “’
53 2005 62 2022 ·.
105 1991 209 2027 ecte.
267 1984 436 2027 Positus
456 1991 598 2027 tamen
618 1985 663 2027 in
682 1985 834 2028 mentis
854 2000 1008 2029 exessu
1021 1993 1052 2040 ³,
1078 1987 1291 2043 mugitum
1310 1945 1503 2040 redeere,

23 2050 97 2089 ’,ιιι
125 2039 258 2083 verba
286 2039 424 2095 edere,
452 2039 692 2084 videbatur.
750 2040 892 2085 Huius
933 2043 1093 2100 quippe
1129 2043 1191 2085 rei
1229 2043 1349 2085 accio
1385 2057 1504 2099 repe-

14 2098 15 2102 ’
52 2110 114 2139 re
142 2111 289 2139 omnes
318 2095 536 2153 compulit,
569 2111 654 2140 non
683 2113 712 2154 p
803 2110 888 2140 are.

25 2155 31 2193 .'
122 2153 190 2196 33.
235 2151 375 2195 Credo
403 2160 560 2207 autem,
597 2153 690 2196 Arn
861 2168 1003 2212 regem
1045 2154 1157 2196 iusta
1185 2155 1321 2196 severi
1351 2153 1504 2197 iudicis

28 2210 35 2216 “
53 2208 253 2252 0‘usmodi
304 2214 437 2252 estem
457 2210 683 2252 incurrisse
703 2223 894 2253 censura.
935 2210 1158 2253 Secundae
1178 2210 1291 2253 enim
1311 2225 1378 2254 res
1399 2209 1502 2252 dum

23 2267 60 2321 [ιι
102 2265 237 2308 crium
297 2265 392 2307 uius
422 2264 572 2308 ubiubi
608 2266 752 2323 magni
791 2265 989 2320 facerent,
1028 2266 1173 2309 virtuti
1209 2280 1313 2308 suae
1349 2273 1504 2309 cuncta

28 2320 64 2332 ‘
98 2321 187 2375 uit,
234 2336 318 2364 non
367 2320 558 2364 debitum
602 2322 881 2378 omnipotenti
923 2322 1005 2365 deo
1053 2322 1255 2365 honorem
1303 2321 1502 2366 reddidit.

12 2384 61 2430 ..10
98 2375 265 2420 erdooes
294 2376 364 2420 dei
394 2377 524 2420 vincti
560 2375 850 2431 trahebantur,
888 2392 1034 2421 sacrae
1072 2378 1260 2435 virgines
1288 2379 1330 2422 vi
1362 2378 1503 2435 obpri-

10 2426 259 2486 =ebantur,
302 2433 552 2490 coniugatae
596 2433 877 2477 violabantur.
949 2434 1013 2477 Ne
1044 2449 1098 2478 ue
1142 2435 1254 2478 enim
1298 2433 1503 2478 ecclesiae

8 2493 33 2561 4⁶3-
51 2488 355 2547 nsugientibus
386 2497 581 2547 poterant
610 2504 702 2533 esse
729 2489 909 2547 asylum.
959 2491 1009 2533 In
1068 2491 1103 2534 is
1133 2503 1317 2548 namque
1346 2490 1502 2533 simbo—

8 2561 40 2629 ἓ.

6 2630 30 2646 ἱ,

48 2704 50 2706 v
67 2662 267 2698 manuque
291 2666 317 2692 1.
396 2664 428 2699 b)
450 2669 576 2699 paratur
598 2667 623 2692 1.

11 2794 48 2850 ¹}
79 2804 189 2842 wido
220 2811 303 2841 ante
337 2807 486 2842 Romam
523 2813 663 2854 captam
690 2819 724 2843 a.
750 2807 821 2842 8⁹4
847 2807 1034 2844 defunctus
1070 2813 1156 2844 ent.
1330 2810 1369 2853 2)
1395 2809 1502 2843 hodio

251 2855 291 2900 8)
316 2855 513 2901 Ageltruda
538 2858 754 2903 imperatrix.
854 2858 894 2902 4)
917 2859 1007 2893 Aen.
1033 2858 1103 2901 111,
1129 2858 1188 2893 56.
1215 2859 1274 2894 ⁶7.
1361 2856 1401 2902 5)
1418 2859 1440 2893 i.
1468 2868 1501 2892 e.

39 2922 42 2927 ι
81 2913 173 2939 essu.

10 2943 35 3015 ιι
1121 2974 1158 3007 2.

12 3076 50 3086 ,

11 3089 48 3121 ff.

12 3134 37 3160 sv
