1838 3210
227 379 294 405 968.

103 1850 155 1879 Pe.
178 1851 225 1885 ⁷6,
248 1852 295 1877 11.

224 2354 295 2379 Mai.

226 2393 294 2419 Iun.

238 2432 296 2459 Iul.

1807 167 1827 215 ss}

313 253 378 285 ηε
569 248 871 284 ιιυῡΡιῑΑΝοῐ
900 246 1132 282 HISTORIA
1159 245 1378 280 o‘r‘roms
1429 246 1539 278 4—6.
1814 227 1827 315 ἑ

310 362 590 406 sacrosanctis
619 361 732 403 beati
762 360 877 402 Petri
913 358 1089 401 donavit
1122 357 1262 399 aureis
1298 356 1499 400 crucibus
1537 362 1667 413 atque
1702 354 1826 412 mli-»j

309 419 442 462 cibus.
502 418 642 460 Testis
681 424 744 458 cst
780 414 1010 471 Stephana,
1054 414 1145 455 eius
1179 413 1323 467 amita,
1368 427 1477 470 quae
1510 412 1557 455 in
1591 411 1828 467 effusiones

308 475 422 533 quod
467 490 520 517 ex
561 487 611 516 eo
656 478 908 528 conceperat
949 484 1098 513 recens
1142 468 1357 511 hominem
1399 468 1546 511 exivit.
1603 466 1720 522 Quid
1761 467 1827 510 siz:

309 538 463 574 cuncta
499 535 678 581 taceant,
718 527 1004 570 Lateranense
1043 523 1261 582 palatium,
1301 531 1547 567 sanctorum
1585 521 1828 581 quondam&

308 587 554 652 hospitium,
584 598 697 626 nunc
747 582 999 625 rostibulum
1019 581 1304 634 meretricum,
1333 594 1418 623 non
1442 577 1596 634 silebit,
1624 579 1802 623 amitam

308 649 572 697 conlugem¹,
605 598 861 696 Steplpaniae
897 636 1070 680 alterius
1109 636 1373 679 concubinae
1401 649 1602 678 sororem.
1659 634 1829 686 Testis}

310 698 500 741 omnium
529 696 721 752 gentium
772 702 883 737 reter
902 694 1190 736 Romanarum
1211 692 1403 735 absentia
1422 690 1662 746 mulierum,
1690 689 1829 749 quaet*

310 760 553 797 sanctorum
590 758 739 808 aposto
759 765 879 792 orum
917 748 1065 791 limina
1104 747 1253 791 orandi
1292 748 1430 804 gratia
1465 747 1618 791 timent
1649 717 1829 807 viseres}

310 825 406 852 cum
436 807 659 851 nonnullas
688 813 785 849 ante
815 806 905 848 dies
946 819 1107 862 paucos
1141 803 1255 846 hunc
1295 803 1509 846 audierint
1536 803 1788 860 coniugatus
1807 799 1830 833 *Ἴ

308 866 473 919 viduas,
492 864 694 919 virgines,
714 863 759 904 vi
780 862 1054 920 oppressisse.
1089 860 1238 903 Testes
1258 866 1356 902 sunt
1374 866 1617 902 sanctorum
1632 872 1732 917 apo
1768 878 1774 895 ι

308 921 446 964 lorum
475 919 665 972 eclesiae,
697 933 805 975 quae
834 933 920 960 non
949 916 1136 959 stillatim
1164 915 1368 973 pluviam,
1395 914 1469 958 ted
1486 921 1623 958 totum
1669 934 1679 953 ·-
1722 934 1809 954 mu.

309 978 584 1030 intrinsecus,
630 990 759 1032 supra
802 975 897 1031 ipsa
940 974 1068 1015 etiam
1112 979 1383 1015 sacrosancta
1424 970 1576 1014 altaria
1620 968 1803 1014 unbrew

309 1033 548 1076 admittunt.
616 1031 788 1084 Quanto
826 1045 903 1071 nos
942 1035 1101 1071 terrore
1145 1029 1265 1084 tigna
1302 1027 1508 1081 afficiunt,
1545 1040 1644 1069 cum
1694 1025 1786 1069 divi
1808 1063 1827 1082 ,ζ

309 1095 434 1131 nama
465 1102 589 1144 opem
619 1086 769 1129 eodem
799 1084 1103 1142 deposcimus?
1132 1099 1247 1126 mors
1284 1084 1329 1125 in
1356 1083 1481 1126 tectis
1498 1089 1663 1139 regnat,
1693 1095 1827 1140 quae

309 1159 387 1187 nos
418 1158 536 1186 orare
567 1142 700 1184 multa
727 1141 916 1184 volentes
946 1140 1137 1198 impedit,
1167 1146 1296 1197 atque
1318 1139 1494 1182 domum
1513 1138 1675 1182 domini
1700 1150 1772 1181 mo
1805 1149 1826 1192 ᾖ

309 1201 502 1256 linquere
523 1213 573 1241 co
606 1199 651 1240 it.
700 1197 850 1240 Testes
879 1204 978 1239 sunt
1006 1212 1092 1239 non
1122 1195 1260 1238 solum
1288 1196 1540 1239 iuncearum
1567 1199 1826 1237 curatum

310 1256 386 1299 sed
415 1263 458 1298 et
487 1214 796 1297 cotidianarum
826 1252 1052 1295 mulieres³
1082 1252 1326 1295 formarum.
1386 1251 1470 1295 Cui
1498 1250 1614 1294 idem
1642 1256 1721 1304 eet,
1743 1253 1803 1278 “

310 1311 471 1354 silicem
502 1311 683 1367 pedibus
713 1324 822 1366 quae
853 1316 1076 1352 conterunt
1103 1307 1253 1351 atrum'
1264 1315 1295 1362 ⁴,
1330 1315 1374 1351 et
1401 1321 1512 1365 quae
1551 1320 1699 1363 magn
1742 1326 1748 1342 ι
1772 1326 1778 1343 ι
1806 1359 1807 1362 ¹

311 1366 605 1410 subvehuntur
633 1366 845 1408 adiutorio
875 1366 1174 1407 iumentorum.
1232 1363 1375 1421 Atque
1394 1363 1477 1406 hoc
1495 1363 1560 1406 rei
1583 1368 1661 1418 est,
1688 1375 1765 1420 qu
1785 1364 1820 1403 d·

310 1430 428 1466 tanta
457 1423 496 1464 ei
525 1437 623 1464 cum
653 1423 908 1478 imperatore
939 1428 1086 1463 sancto
1117 1419 1332 1463 discordia
1360 1426 1437 1473 est,
1467 1418 1594 1485 ‘lupis
1618 1425 1663 1462 et
1688 1437 1694 1454 ι
1715 1438 1728 1468 2
1749 1439 1811 1463 ι..

311 1484 471 1536 quanta
500 1479 647 1520 sortito
678 1478 841 1534 optigit’
855 1486 885 1519 ⁵.
943 1476 1010 1519 Illi
1039 1476 1145 1519 haec
1174 1484 1223 1519 ut
1249 1475 1473 1532 inpunite*
1501 1474 1642 1530 hceat,
1676 1472 1788 1516 A·el

309 1542 478 1593 pertum
508 1534 588 1576 sibi
617 1540 798 1591 patrem,
828 1540 1026 1587 tutorem,
1058 1532 1324 1575 defensorem
1352 1532 1500 1588 parat’.
1805 1584 1807 1587 .

421 1603 461 1645 5.
505 1601 626 1644 Haec
656 1601 759 1644 dum
788 1616 814 1643 a
842 1600 1120 1644 redeuntibus
1157 1601 1317 1642 nuntiis
1354 1600 1586 1656 imperator
1611 1596 1809 1641 audiret.

310 1658 462 1711 ‘Puer',
506 1658 550 1699 in
581 1656 669 1711 uid,
714 1662 804 1710 (θεῖ,
846 1657 972 1700 facile
1009 1657 1222 1700 bonorum
1264 1655 1562 1699 immutabitur
1603 1668 1729 1698 exem
1758 1652 1811 1696 lv

309 1715 511 1757 virorum.
553 1672 762 1770 querabo
792 1728 890 1756 eum
919 1711 1216 1770 obiurgatione
1244 1711 1435 1764 honesta,
1474 1711 1672 1754 suasione
1699 1708 1731 1752 li
1771 1730 1781 1747 ·-

309 1769 400 1824 rali,
438 1768 562 1812 facile
596 1784 653 1811 ex
679 1769 762 1811 illis
799 1783 892 1812 sese
927 1783 1190 1812 emersurum
1219 1767 1361 1823 malis3
1399 1766 1674 1824 dicemusque
1702 1779 1745 1808 c·
1770 1783 1805 1803 uf

309 1824 538 1882 propheta:
578 1825 699 1867 Haec
731 1832 794 1868 est
822 1826 1048 1868 inmutatio
1079 1824 1256 1867 dextrae
1293 1823 1478 1867 excelsi'.
1534 1821 1596 1882 Et
1621 1821 1781 1866 adiecit
1801 1846 1809 1850 „

309 1880 452 1935 ‘Quod
481 1881 601 1937 prius
631 1896 773 1923 rerum
804 1881 907 1923 ordo
937 1880 1144 1938 deposcit,
1174 1880 1481 1936 Berengarium
1510 1879 1556 1921 in
1582 1878 1644 1922 Fe
1676 1897 1713 1916 2·
1740 1897 1746 1914 ³
1786 1898 1793 1915 ι

309 1944 452 1979 monte
489 1937 756 1980 resistentem
795 1936 1117 1994 propulsemus;
1153 1936 1252 1979 dein
1288 1943 1468 1993 paterna
1501 1934 1797 1978 abdicatione

309 1993 515 2035 domnum
543 2007 700 2049 papam
731 1994 1058 2047 conveniamus3
1097 1993 1133 2035 si
1161 2006 1248 2034 non
1276 1991 1507 2046 voluntate,
1542 2004 1748 2034 verecun·
1786 2010 1803 2043 :3

311 2048 460 2092 saltem
486 2049 531 2090 in
549 2050 691 2091 virum
715 2049 954 2105 perfectum
984 2063 1077 2092 sese
1108 2048 1402 2092 commutabit.
1448 2047 1608 2104 Sicque
1625 2045 1760 2090 forsi
1786 2052 1805 2082 »³

311 2103 519 2158 devictus,
548 2105 657 2147 bene
687 2119 966 2148 consuescere
994 2103 1202 2163 pudebitd
1232 2104 1509 2147 desuescere'.

423 2172 463 2214 6.
508 2172 590 2214 His
621 2188 676 2215 ex
708 2171 815 2226 letis,
845 2173 1005 2230 Papiae
1032 2173 1180 2214 navim
1210 2171 1469 2226 conscendit,
1497 2185 1550 2214 ac
1577 2185 1656 2228 per
1677 2169 1739 2213 Η·
1772 2169 1786 2181 ‘

311 2227 410 2269 dani
423 2235 439 2255 θ
477 2227 646 2270 alveum
749 2244 932 2271 vennam
970 2243 1108 2295 usque
1147 2228 1363 2285 pervenit3
1407 2226 1594 2284 indeque
1630 2240 1730 2284 pro
1771 2256 1792 2281 ·,

310 2282 431 2325 diens
460 2291 647 2326 montem
668 2284 950 2338 Feretratum,
981 2299 1056 2342 qul
1085 2285 1219 2326 sancti
1240 2284 1396 2327 Leonis
1426 2283 1584 2326 dicitur
1593 2289 1623 2337 ⁸,
1651 2282 1698 2324 in
1717 2294 1800 2340 qu·

309 2337 596 2395 Berengarius
625 2346 667 2382 et
696 2339 827 2384 Willa
856 2347 988 2395 erant,
1027 2339 1206 2383 obsedit.
1264 2340 1362 2394 Quo
1401 2347 1444 2382 et
1470 2338 1662 2396 prefatus
1688 2351 1785 2395 pau

309 2393 510 2449 Leonem,
550 2395 834 2437 venerabilem
873 2402 1044 2438 sanctae
1074 2396 1292 2438 Romanae
1322 2394 1502 2439 eclesiae
1531 2401 1635 2437 tunc
1691 2407 1741 2436 ro
1768 2392 1797 2442 ’σῇ

309 2450 591 2503 scriniarium,
627 2460 767 2492 nunc⁷
806 2453 850 2493 in
885 2451 1034 2494 eadem
1074 2451 1174 2494 sede
1212 2452 1328 2495 beati
1360 2451 1479 2494 Petri
1512 2454 1664 2507 aposto
1680 2462 1705 2492 ο
1740 2470 1775 2486 ··

310 2505 529 2560 vicarium,
567 2521 734 2549 necnon
772 2513 814 2549 et
854 2507 1121 2551 Demetrium
1132 2514 1162 2561 ⁸,
1205 2507 1477 2565 optimatium
1513 2506 1697 2549 Roman
1740 2524 1747 2541 ο

309 2610 340 2645 ι)
349 2612 457 2638 diuina
466 2614 479 2638 1
486 2630 496 2639 .
527 2612 558 2647 b)
567 2614 727 2646 inpunitae
738 2617 751 2640 1
758 2636 764 2642 .
800 2615 828 2644 c)
838 2616 1050 2642 adhortatione
1059 2617 1134 2642 coni.
1143 2616 1324 2642 Gieeebreche.
1355 2614 1386 2649 d)
1393 2615 1523 2649 pudebit
1532 2616 1560 2641 1.
1588 2612 1690 2649 enm-1
1697 2612 1766 2640 dni
1786 2611 1791 2633 ὲ

312 2700 348 2742 1)
373 2700 514 2733 Amitae
548 2702 727 2735 vocabulo
762 2702 929 2746 designat
963 2705 1074 2747 patris
1102 2704 1338 2738 concubinam
1366 2703 1413 2737 cf.
1441 2713 1472 2736 c.
1502 2703 1559 2736 10.
1657 2700 1696 2744 2)
1720 2700 1787 2735 'l'⁴

309 2749 400 2782 Eun.
419 2748 468 2790 11,
495 2749 529 2790 3,
556 2749 621 2782 25:
648 2750 803 2784 reddunt
829 2756 994 2786 curatura
1019 2754 1197 2785 iunceam.
1272 2751 1312 2795 3)
1328 2753 1352 2785 i.
1372 2762 1404 2787 e.
1422 2761 1493 2785 non
1510 2750 1625 2785 solum
1646 2760 1718 2784 ιιι
1754 2763 1758 2773 ·
1776 2761 1778 2770 =

309 2796 374 2830 sed
401 2801 437 2830 et
462 2799 669 2832 meretrices
701 2799 880 2842 publicae.
980 2800 1019 2842 4)
1047 2801 1209 2834 luvenal.
1237 2801 1313 2835 Sat.
1339 2801 1399 2841 VI,
1425 2800 1511 2833 850.
1610 2797 1651 2842 5)
1674 2798 1776 2832 Hora
1793 2822 1804 2831 .

308 2845 426 2888 Epod.
454 2845 489 2887 4,
517 2846 549 2879 1.
625 2847 660 2890 6)
689 2848 725 2881 S.
751 2848 826 2881 Leo
853 2860 962 2893 prope
990 2850 1026 2883 S.
1051 2850 1204 2883 Marino.
1281 2849 1319 2893 7)
1348 2849 1449 2883 Sedit
1474 2859 1507 2882 a.
1533 2847 1617 2883 963.
1645 2848 1737 2881 Dee.
1754 2863 1802 2871 —-

310 2893 394 2927 965.
420 2894 520 2928 Mart.
619 2895 659 2939 8)
685 2896 826 2930 Meliosi
858 2898 901 2931 cf.
929 2909 959 2931 c.
987 2899 1020 2931 9.
