1838 3210
298 248 604 283 LIUDPRANDI
630 247 861 282 HISTORIA
889 247 1109 282 OTTONIS.
1161 248 1270 280 2-4.
1467 248 1535 281 125

46 412 51 416 .
117 379 138 397 u
178 366 307 416 atque
335 358 616 416 Adalpertum
650 357 828 402 celerius
862 372 994 415 regno
1031 357 1207 415 expulit,
1246 365 1405 416 quanto
1435 373 1615 402 con-961.

55 421 134 469 nst,
211 414 299 458 uod
346 414 653 459 commilitones
696 415 870 458 Petrum
920 421 963 457 et
1009 414 1193 457 Paulum
1240 415 1533 458 sanctissimos

97 429 253 514 ostdlos
282 471 443 515 habuit.
501 471 647 514 Bonus
677 471 822 527 itaque
851 485 930 513 rex
959 469 1152 527 dispersa
1191 484 1457 527 congregans
1493 479 1535 514 et
1548 493 1659 519 amb,

53 550 57 559 ·
85 547 90 562 ,-
129 534 172 570 ta
191 526 473 580 consolidans,
503 527 618 584 quod
647 527 804 584 cuique
833 527 1054 584 proprium
1083 526 1166 570 fuit
1184 527 1404 581 restituiv,
1435 526 1534 569 dein
1549 532 1596 566 ³4,
1621 533 1667 559 16·

39 588 62 630 ,ἴ
87 597 220 625 mam
251 582 407 626 similia
434 583 625 626 facturus
655 583 828 626 adivit2.

59 651 62 653 ’
150 639 190 682 3.
233 638 322 682 Ubi
363 639 470 682 miro
516 645 668 682 ornatu
710 653 908 696 novoque
946 645 1157 695 apparatu
1197 644 1434 695 susceptus,
1479 638 1531 681 ab
1547 655 1613 682 962.

38 692 44 742 f
73 714 79 730 ·
98 709 187 738 uem
208 709 374 738 summo
394 695 596 752 pontifice
617 701 658 739 et
677 693 907 737 universali
936 709 1049 750 papa
1076 694 1267 737 Iohanne
1286 695 1531 737 unctionem

40 756 77 803 ζ’,ι
98 750 228 808 cepit
255 751 443 808 imperii,
473 750 610 794 solum
647 752 823 808 propria
859 764 947 792 non
983 750 1180 804 restituit,
1215 765 1365 793 verum
1401 750 1532 793 etiam

40 828 70 860 ‚··
89 805 281 858 entibus
309 821 586 864 gemmarum,
616 807 709 849 auri
738 807 902 863 argenti
935 820 988 848 ue
1017 806 1265 850 muneribus
1293 806 1532 849 honoravit.

40 872 41 875 ’
66 880 77 914 ἡ
99 862 339 905 iurandum
370 877 471 906 vero
500 862 555 905 ab
585 862 735 906 eodem
765 877 879 920 papa
932 861 1096 906 ohanne
1117 877 1248 919 supra
1267 862 1636 920 preciosissi-rebr.
1659 879 1687 906 2.

41 919 157 962 ‘nm
185 933 342 975 corpus
370 920 505 961 sancti
526 919 655 973 Petri,
685 925 814 975 atque
845 917 1040 961 omnibus
1064 919 1247 961 civitatis
1268 918 1531 974 proceribus,

40 968 77 1011 ‘²2
119 988 221 1017 num
254 989 352 1016 uam
390 975 649 1031 Berengario
687 981 816 1031 atque
846 973 1077 1017 Adelberto
1115 973 1433 1028 auxiliaturum,
1462 989 1532 1016 ac-

46 1031 57 1082 ‘j
73 1030 163 1088 pit.
258 1038 325 1073 ost
353 1029 432 1074 hec
461 1031 523 1073 Pa
557 1032 695 1073 iam¹³
726 1031 971 1087 quantotius
1000 1030 1234 1088 repedavit.
1546 1045 1635 1072 Mart.
1661 1045 1707 1074 so.

147 1087 188 1129 4.
232 1086 399 1130 Interea
442 1102 518 1145 pre
537 1094 631 1129 atus
674 1100 789 1144 papa
825 1085 1048 1139 Iohannes,
1091 1086 1318 1128 iuramenti
1356 1092 1400 1129 et
1436 1100 1532 1143 pro·
1547 1104 1614 1132 968.

64 1141 250 1185 'ionis
279 1141 437 1186 oblitus
466 1157 596 1200 quam
633 1150 778 1185 sancto
817 1142 977 1185 fecerat
1013 1142 1272 1199 imperatori,
1309 1142 1364 1184 ob
1403 1141 1533 1184 Adel-

59 1199 65 1204 ’
90 1219 95 1235 0
142 1217 149 1235 ι
172 1217 218 1253 υ,
248 1205 295 1241 ut
324 1213 370 1242 se
399 1198 536 1252 adeat,
567 1199 708 1251 mittit,
736 1199 974 1242 iuramento
1004 1199 1043 1240 ei
1072 1198 1315 1253 adfirmans,
1346 1213 1392 1241 se
1411 1197 1532 1241 illum

51 1261 186 1298 ”notra
219 1255 476 1298 sanctissimi
514 1255 782 1312 imperatoris
817 1255 1054 1311 potentiam
1089 1253 1349 1296 adiuturum.
1407 1252 1532 1297 Adeo

48 1355 50 1359 ,
92 1309 139 1347 ἰι
178 1310 363 1353 eundem
393 1310 685 1363 Adelbertum,
715 1309 966 1353 eclesiarum
996 1309 1067 1352 dei
1096 1309 1372 1367 eiusdemque
1392 1324 1532 1368 papae

57 1364 238 1409 nhanms
266 1368 626 1424 persecutoremb‚
656 1367 888 1424 imperator
916 1373 1089 1409 sanctus
1117 1372 1338 1420 terruerat,
1368 1373 1416 1408 ut
1445 1380 1533 1408 om-

51 1443 84 1459 ,.-.
102 1442 123 1459 u
154 1421 323 1466 Italiam
342 1422 555 1476 deserens,
576 1423 855 1465 Fraxinetum
876 1421 1024 1477 adiret,
1045 1436 1175 1480 seque
1197 1421 1533 1465 Sarracenorum

51 1507 59 1530 χ
77 1478 136 1522 ·ei
167 1479 495 1523 commendaret.
555 1478 792 1536 Imperator
822 1478 1007 1536 denique
1034 1479 1185 1532 iustus,
1223 1493 1300 1522 cur
1326 1477 1533 1521 Adelber-

95 1554 116 1571 ··
146 1534 358 1578 Iohannes
384 1549 511 1593 papa,
543 1549 671 1592 quem
691 1536 811 1592 prius
832 1534 929 1577 odio
949 1534 1194 1578 vehementi
1214 1533 1532 1591 insequebatur,

65 1610 83 1625 Υι
108 1605 152 1633 c
182 1589 390 1647 diligeret,
420 1591 521 1634 satis
550 1592 695 1633 mirari
725 1606 809 1633 non
840 1591 993 1648 potuit.
1052 1589 1284 1633 Accersitis
1315 1604 1444 1647 quam
1477 1591 1531 1634 ob

55 1659 116 1685 mn
166 1645 422 1704 quibusdam
462 1645 755 1701 familiaribus,
800 1647 837 1689 si
875 1646 957 1689 hoc
996 1661 1145 1689 verum
1185 1653 1309 1700 esset,
1350 1646 1533 1689 Romam

59 1723 85 1750 ,·
105 1703 183 1745 ‘'t
223 1710 535 1760 percontatum.
608 1702 806 1760 Cumque
849 1702 999 1746 eodem
1043 1703 1181 1746 nuntii
1226 1703 1533 1760 pervenissent,

78 1758 280 1802 ‘usmodi
310 1774 394 1802 non
415 1773 441 1801 a
461 1758 721 1816 quibuslibet
749 1765 823 1801 aut
853 1759 1013 1825 paucis,
1044 1757 1119 1801 sed
1149 1756 1204 1800 ab
1230 1757 1428 1801 omnibus
1449 1758 1534 1802 Ro-

63 1815 201 1857 '1's⁶
249 1814 414 1859 civibus
458 1830 661 1873 responsa
704 1815 962 1881 susciplunt:
1011 1815 1120 1856 ‘Non
1169 1814 1317 1872 dispar
1362 1814 1535 1858 videtur

62 1871 157 1927 ’0,
195 1885 271 1914 cur
304 1870 516 1914 Iohannes
554 1885 665 1928 papa
703 1872 1017 1914 sanct1ssimu1n
1057 1870 1371 1927 imperatorem,
1407 1885 1533 1913 suum

55 1931 67 1978 'j
85 1926 95 1937 '
115 1927 196 1969 icet
225 1941 281 1970 ex
308 1925 532 1970 Adalberti
562 1927 759 1970 manibus
788 1926 1074 1980 liberatorem,
1105 1932 1146 1969 et
1175 1926 1374 1970 diabulus
1396 1926 1535 1969 oderit

92 1991 281 2026 ·torem.
325 1982 574 2041 Imperator,
604 1982 966 2041 quemadmodum
996 1998 1042 2025 re
1072 1982 1167 2039 ipsa
1187 1983 1352 2039 experti
1373 1997 1531 2036 sumus,

60 2039 70 2090 'J
106 2053 217 2097 quae
245 2038 314 2082 dei
343 2046 442 2082 sunt
461 2040 585 2097 sapit,
616 2047 827 2097 operatur,
857 2037 1015 2096 diligit3
1044 2038 1335 2081 ecclesiastica
1354 2045 1396 2081 et
1412 2053 1532 2081 secu-

73 2115 79 2127 ·
100 2095 140 2136 ’a
168 2095 340 2151 negotia
369 2095 497 2138 armis
518 2102 692 2149 tutatur,
722 2095 913 2138 moribus
936 2103 1069 2148 ornat,
1099 2093 1266 2150 legibus
1287 2094 1531 2148 emundat⁴,

70 2149 246 2194 ·hannes
274 2165 388 2209 papa
426 2150 491 2194 his
531 2151 730 2195 omnibus
767 2150 1031 2194 adversatur.
1088 2149 1185 2192 Non
1223 2149 1332 2192 clam
1369 2149 1530 2215 populo

143 2207 257 2265 quod
286 2206 479 2250 fatemur.
537 2206 676 2250 Testis
715 2215 778 2250 est
806 2206 993 2249 Rainerii
1033 2206 1100 2248 sui
1130 2206 1142 2247 i
1177 2206 1264 2248 sius
1294 2205 1439 2248 mihtis
1468 2207 1530 2248 vi-

77 2283 82 2297 ·
104 2294 133 2317 ,
177 2276 304 2320 quam
342 2277 470 2306 caeco
510 2274 661 2320 captus
700 2264 810 2319 igne,
855 2261 998 2305 multis
1038 2221 1297 2319 ‘pressctam
1338 2260 1683 2315 urbibus,‘x›-³⁴¹·

63 2361 210 2426 ⁴<papiam
233 2360 433 2426 vol¹pa¹triam
457 2360 480 2387 Β.
504 2361 634 2393 patriam
656 2360 709 2387 ba.
772 2360 803 2392 b)
823 2362 1020 2392 persecutore
1044 2360 1069 2384 1.
1130 2358 1159 2393 e)
1181 2358 1234 2385 ned
1255 2359 1293 2385 ab
1316 2359 1458 2386 omntbu·
1479 2361 1533 2385 ant

75 2400 141 2427 wti-
190 2406 310 2426 oman·
351 2417 358 2425 .

58 2466 67 2500 τ
100 2461 334 2508 Lindprando
360 2473 501 2507 quoqne
528 2463 774 2507 episcopatum
800 2462 1075 2496 Cremonensem
1109 2465 1195 2495 tune
1222 2460 1364 2495 dedisse
1391 2461 1533 2495 videtur

60 2509 68 2558 ᾗ
108 2522 215 2556 supra
240 2511 509 2556 praefationem.
587 2511 627 2554 2)
645 2512 700 2545 De
720 2513 851 2547 Ottone
869 2511 1005 2545 Romae
1025 2514 1183 2544 morante
1203 2510 1318 2544 codex
1336 2511 1532 2544 Vaticanus

85 2558 133 2593 40
158 2559 293 2594 saeculi
310 2560 400 2594 XIII
427 2559 533 2594 refert
559 2560 787 2602 (wattericb.
813 2559 978 2594 Pontiae.
1006 2559 1154 2593 Roman.
1181 2559 1286 2592 Vitae
1306 2559 1334 2601 1,
1353 2559 1399 2591 45
1419 2570 1453 2593 n.
1473 2559 1531 2601 3):

94 2610 164 2642 'ns
196 2608 238 2650 (i.
265 2619 296 2642 e.
324 2608 511 2652 Iohanni.)
543 2613 702 2654 tempore
736 2609 878 2644 scilieet
910 2619 1004 2643 anno
1040 2607 1242 2642 dominicae
1275 2608 1532 2642 incarnationis

106 2656 306 2691 cccnxn
332 2658 482 2702 primum
509 2658 606 2691 venit
633 2659 767 2692 Romae
786 2658 856 2691 Oto
881 2659 1074 2702 imperator
1099 2666 1180 2691 cnm
1197 2655 1387 2700 adelayda
1410 2667 1531 2690 mense

114 2706 203 2740 ·ario
230 2706 288 2739 dio
314 2706 447 2740 xxm.
474 2706 563 2740 soria
589 2707 651 2741 vl.
678 2711 715 2741 et
732 2707 831 2741 stetit
849 2707 898 2740 ibi
917 2706 1043 2740 diebus
1062 2706 1127 2739 XV
1146 2709 1181 2739 et
1199 2706 1286 2739 exiit
1305 2705 1388 2739 indo
1411 2716 1532 2738 mense

66 2771 73 2798 1-
101 2755 232 2789 mario
264 2754 323 2789 dio
350 2755 462 2789 XIIII
497 2754 637 2789 scilicet
673 2756 864 2791 festivitate
898 2755 1012 2790 nancti
1040 2754 1221 2788 Valentini
1252 2754 1449 2788 indictione
1476 2753 1533 2788 ν’.

92 2813 127 2837 ι.
145 2803 228 2838 962.
242 2802 341 2848 April
361 2803 395 2837 2.
413 2804 448 2839 9.
473 2804 532 2837 20.
551 2803 747 2849 diplomata
765 2804 814 2839 ibi
835 2803 1015 2844 conatam
1035 2803 1080 2837 cf.
1102 2804 1233 2838 contin.
1253 2803 1427 2845 Reginon.
1447 2802 1532 2835 962.

63 2850 177 2886 flor.
195 2852 320 2897 ep.11,
348 2853 365 2886 1
395 2864 429 2887 v.
458 2852 491 2887 2.
517 2852 558 2886 8:
586 2853 656 2887 Res
683 2853 792 2888 Italas
819 2854 925 2887 armis
952 2853 1088 2891 tuteris.
1116 2851 1270 2885 moribus
1297 2862 1411 2892 ornes,
1434 2852 1440 2895 Ι
1462 2851 1531 2885 Le-

62 2908 142 2935 rua
167 2901 357 2935 emendet.
