1838 3210
242 371 297 396 04ss

235 554 309 588 (u.)

174 1276 183 1285 ⁸
197 1285 225 1310 p.
242 1276 308 1303 836.

122 1498 187 1525 Iob.
199 1498 306 1531 39,13.

326 247 394 279 116
521 244 821 278 LIUDPRANDI
850 241 1198 276 ANTAPODOSIS.
1247 241 1342 274 Lm.
1370 241 1413 274 V,
1463 239 1623 275 29-81.

323 357 548 401 multorum
580 355 799 398 oculorum
840 354 1048 406 excussio,
1090 350 1314 394 simultatis
1355 350 1579 407 sepissima
1604 350 1808 409 repetiti

322 428 418 456 cum
449 413 592 469 signis,
624 421 712 453 tum
782 408 981 452 emitibus
1012 416 1194 450 narrat¹.
1254 405 1543 449 Hadelardum
1573 411 1719 451 autem
1751 412 1809 444 ²2

322 470 443 526 gensi
473 468 650 526 prefecit
677 425 922 509 aeclesiae&

433 538 500 580 30.
559 536 770 577 Bosonem
800 548 915 585 vero,
945 531 1144 587 Hugonis
1174 531 1286 587 regis
1317 530 1524 587 spurium,
1545 528 1754 574 Placenm·
1775 551 1780 566 .›
1802 562 1809 566 .-

323 592 448 646 sedis,
479 599 520 634 et
550 589 838 632 Liutefredum
860 588 919 629 Pa
938 587 1081 630 ›iensis
1110 585 1316 629 aeclesiae
1346 601 1370 628 e
1403 586 1573 644 iscopos
1601 585 1773 644 expell.

323 648 546 705 cogitavit;
584 660 732 689 verum
762 603 1048 686 intercedente
1078 643 1228 699 pretio,
1268 641 1322 684 ob
1383 641 1422 684 ei
1450 657 1497 685 se
1524 655 1716 686 amorem
1752 662 1785 680 ιι
1813 644 1818 651 ’“

323 704 533 746 dimisisse
563 701 790 743 simulavit.
849 701 990 753 Quam
1029 699 1268 740 inmensum
1306 704 1409 740 tune
1442 696 1563 741 Italis
1590 697 1797 755 gaudium

320 759 513 802 Alterum
551 757 698 799 David
735 756 902 799 venisse
942 754 1187 797 latrabrant.
1256 753 1344 797 Sed
1382 760 1425 796 et
1457 768 1614 812 magno
1652 752 1819 798 Karol

321 829 420 857 ceca
450 815 562 856 hunc
591 819 732 855 mente
794 811 1043 854 referebant.
1104 811 1377 867 Quamquam
1407 810 1520 852 enim
1550 810 1702 854 iterato
1724 809 1820 854 Hu

321 885 474 927 gonem
513 877 640 926 atque
682 869 765 910 Lot
796 868 962 909 arium³
1003 881 1124 922 reges
1164 865 1302 908 Italici
1342 865 1620 923 susciperent,
1674 871 1685 904 ε
1814 877 1819 890 ²

320 927 488 983 garium
530 932 673 967 tamen
715 925 886 965 nomine
930 921 1066 964 solum
1109 922 1419 974 marchionem,
1462 927 1674 979 potestate
1714 937 1760 966 v·
1801 943 1806 960 ι

321 997 366 1024 re
399 997 478 1035 em,
508 980 600 1023 illos
630 979 841 1022 vocabulo
873 993 1009 1035 reges,
1037 986 1137 1021 actu
1165 983 1470 1034 autem·‘neque
1490 991 1568 1036 pro
1588 975 1783 1022 comitib

320 1038 375 1079 ha
408 1038 546 1080 ebant.
607 1035 723 1089 Quid
753 1034 906 1092 plura?
963 1035 1102 1076 Tanta
1128 1034 1209 1076 hac
1237 1033 1488 1090 Berengarii
1514 1033 1643 1089 fama,
1669 1033 1717 1077 h
1742 1056 1763 1072 ιι
1784 1055 1789 1070 :
1811 1055 1818 1070 κ

321 1095 464 1146 nitate,
494 1091 758 1144 liberalitate,
787 1096 984 1147 parentes
1014 1090 1099 1132 mei
1128 1090 1266 1143 acciti,
1298 1090 1336 1131 ei
1365 1104 1434 1132 me
1461 1088 1519 1132 ad
1542 1090 1730 1133 servi-1·
1754 1111 1760 1127 ι
1785 1112 1804 1127 ι,

322 1150 506 1191 tradunt.
575 1148 658 1190 Cui
698 1155 739 1190 et
777 1147 979 1189 inmensis
1020 1145 1207 1188 oblatisb
1243 1144 1514 1200 muneribus,
1557 1152 1720 1190 secreto
1754 1167 1789 1183 ··
1822 1159 1823 1162 ’

322 1206 413 1248 eius
453 1205 668 1246 conscium
708 1217 759 1244 ac
798 1201 1074 1259 epistolarum
1110 1202 1374 1244 constituunt
1402 1201 1674 1258 signatorem.

323 1275 421 1303 cum
450 1259 631 1303 fideliter
658 1258 809 1315 'longo
830 1266 1023 1315 tempore
1043 1258 1313 1311 deservirem,
1344 1256 1438 1312 hac,
1468 1270 1599 1315 quam
1616 1271 1711 1315 pro
1728 1279 1740 1296 ·.
1783 1279 1788 1295 .
1836 1295 1838 1316 ἦ

322 1323 471 1358 turus0
501 1331 595 1358 sum
628 1315 716 1356 suis
746 1316 791 1356 in
820 1313 938 1368 locis,
969 1329 1047 1371 pro
1077 1314 1219 1356 dolor!
1262 1312 1459 1356 mercede
1489 1313 1676 1357 donavit.
1733 1314 1790 1358 V
1837 1322 1838 1332 ¹

320 1387 415 1413 rum
444 1372 550 1414 haec
578 1372 799 1414 retributio
837 1385 974 1427 poene
1004 1384 1072 1412 me
1101 1371 1157 1412 ad
1186 1369 1261 1411 des
1296 1369 1527 1412 erationem
1554 1384 1692 1428 usque
1719 1382 1821 1428 per*

320 1427 516 1481 traheret,
547 1428 582 1469 si
612 1428 656 1468 in
685 1442 730 1469 re
761 1425 974 1469 consimili
1003 1427 1215 1468 consotios
1242 1441 1270 1482 p
1289 1426 1449 1468 urimos
1469 1439 1557 1468 non
1574 1425 1742 1470 extmd
1771 1448 1781 1463 ·-

320 1483 389 1526 De
418 1484 499 1526 isto
530 1483 642 1526 enim
673 1481 848 1539 pulchre
878 1482 1040 1524 dictum
1069 1483 1327 1539 accipimus:
1358 1481 1545 1525 ‘Pennae
1574 1483 1741 1526 structi-

320 1538 478 1582 similes
508 1546 606 1581 sunt
633 1539 786 1595 pennis
815 1539 1030 1595 accipitris
1061 1546 1104 1580 et
1131 1537 1309 1580 herodii.
1354 1536 1466 1580 Cum
1493 1544 1663 1595 tempus
1689 1537 1813 1582 adv,

319 1596 441 1649 nerit,
471 1595 516 1637 in
545 1594 675 1637 altum
710 1593 798 1636 alas
836 1595 974 1650 erigit,
1013 1593 1178 1636 deridet
1213 1594 1429 1651 aequitem
1467 1598 1511 1636 et
1548 1607 1804 1638 ascensore·

320 1652 436 1693 eius'.
493 1650 580 1692 Hic
610 1650 737 1704 enim,
778 1650 1074 1707 superstitibus
1103 1650 1290 1706 Hugone
1320 1657 1362 1692 et
1390 1648 1607 1704 Lothario,
1635 1664 1783 1708 magn
1826 1622 1834 1682 l

319 1721 542 1764 voraxque
570 1707 732 1760 strutio,
761 1721 847 1748 non
875 1705 1013 1748 bonus
1044 1705 1117 1748 sed
1148 1705 1262 1748 bono
1292 1704 1442 1748 similis
1471 1712 1536 1748 est
1561 1705 1695 1748 visus.
1781 1706 1792 1717 ⁸

319 1770 462 1805 autem
492 1762 808 1816 decedentibus,
840 1768 882 1804 et
910 1762 966 1803 ad
995 1763 1117 1818 regni
1145 1761 1315 1818 fastigia
1346 1759 1544 1803 omnibus
1563 1775 1788 1819 promove
1827 1789 1828 1792 =

319 1818 446 1872 tibus,
477 1824 682 1875 quantum
711 1817 800 1860 alas
826 1818 1021 1872 erexerit,
1052 1825 1343 1874 quantumque
1362 1831 1442 1860 nos
1461 1817 1642 1861 omnesi
1688 1817 1700 1828 ’
1734 1839 1743 1856 -.
1773 1818 1785 1829 ⁴
1827 1853 1830 1856 .

319 1889 406 1916 non
433 1880 521 1916 tam
550 1874 692 1916 verbis
723 1889 854 1931 quam
883 1874 1076 1931 suspiriis
1105 1888 1155 1915 ac
1186 1871 1417 1930 gemitibus
1445 1887 1586 1916 narro.
1634 1872 1723 1916 Sed
1781 1873 1794 1884 “

320 1930 502 1984 omissis,
532 1929 588 1971 ad
615 1929 817 1971 narrandi
847 1930 998 1972 seriem
1027 1929 1264 1972 redeamus.

1805 1958 1814 1966 ,,

1814 1737 1833 1920 ,1

433 1998 499 2040 31.
557 1998 653 2040 Rex
672 1998 802 2054 Hugo
833 2012 931 2040 cum
960 1997 1148 2039 divinam
1169 1997 1583 2041 animadversionem
1601 1997 1682 2040 dec
1699 1997 1711 2008 ”
1752 2016 1756 2033 1
1803 1903 1832 2135 ’ί

319 2108 405 2151 lata
433 2123 554 2165 pace,
583 2109 833 2166 Berengarii
861 2109 962 2151 fidei
991 2109 1160 2163 tradito,
1200 2110 1245 2152 in
1273 2109 1544 2152 Provinciam
1572 2122 1691 2152 omm
1728 2128 1761 2146 u·
1804 2087 1823 2139 *ζ

320 2166 503 2221 pecunia
535 2166 794 2222 properavit.
852 2166 949 2219 Quo
988 2165 1134 2207 audito
1173 2165 1440 2208 Raimundus
1476 2163 1720 2222 Aquetanio
1754 2185 1760 2202 ι
1823 2145 1830 2195 l

320 2221 523 2317 princeps
563 2236 661 2263 eum
697 2221 825 2287 adiit,
864 2221 963 2263 cuj(¹
995 2229 1036 2263 et
1065 2235 1147 2287 pro
1175 2222 1302 2263 minis
1331 2220 1445 2264 mille
1474 2236 1520 2264 se
1555 2221 1602 2264 in
1637 2219 1728 2264 mili
1756 2206 1837 2287 υἷ’

352 2276 450 2330 edit,
479 2276 693 2342 fidemque
723 2278 820 2343 slbi·
835 2283 1101 2342 servaturum
1134 2283 1372 2319 mramento
1413 2276 1670 2320 adfirmant.
1727 2332 1738 2343 .
1820 2316 1828 2350 ⁴

323 2338 365 2374 et
403 2339 672 2388 congregatis
711 2347 844 2390 copus
883 2332 1052 2375 Itaham
1089 2348 1380 2389 mgressurum
1417 2346 1470 2375 ac
1507 2332 1759 2390 Berengan
1784 2354 1810 2386 ¹„

321 2386 653 2430 debellaturume
670 2403 763 2431 esse
779 2389 994 2445 promisit;
1016 2388 1133 2445 quod
1154 2396 1312 2446 quanto
1333 2402 1409 2431 nos
1426 2403 1574 2432 omnes
1592 2388 1789 2455 cachypn
1801 2369 1828 2469 ἰ

320 2442 520 2497 affecerit,
549 2443 686 2499 gentis
716 2444 908 2486 eiusdem
931 2444 1071 2486 vilitas
1091 2444 1233 2501 palam
1253 2444 1368 2498 facit,
1399 2458 1509 2502 quae
1529 2445 1611 2489 etsi
1691 2464 1730 2482 ιιι
1752 2463 1760 2481 ι
1790 2477 1801 2486 .

321 2512 414 2540 esse
453 2506 618 2554 posset,
663 2499 719 2540 ad
759 2500 955 2543 effectum
991 2507 1135 2543 tamen
1173 2500 1510 2557 haudquaquam
1546 2515 1604 2557 pe
1655 2515 1738 2543 uva
1767 2520 1806 2559 ²²,

1784 2130 1790 2146 ί

1784 2186 1790 2202 l

319 2068 371 2095 ac
399 2053 660 2110 Berengario
690 2068 860 2111 preesse
889 2068 974 2095 non
1003 2061 1161 2110 posset,
1198 2052 1345 2096 relicto
1373 2053 1576 2096 Lothario
1605 2060 1660 2108 et,
1689 2066 1815 2096 simun

321 2604 352 2639 a)
371 2606 504 2632 lothan-iu
528 2607 555 2633 1.
617 2607 648 2640 b)
671 2608 766 2634 oblati
789 2610 814 2634 1.
877 2607 904 2640 c)
925 2615 1107 2641 prosecutus
1131 2611 1157 2636 1.
1208 2608 1238 2642 d)
1258 2610 1331 2634 deest
1354 2609 1380 2635 5.
1403 2610 1459 2636 5⁸.
1508 2608 1538 2642 e)
1558 2607 1771 2636 dahel-turm

324 2692 362 2737 1)
389 2693 445 2728 ef.
470 2694 612 2728 Attonis
639 2695 742 2738 epist.
770 2694 816 2727 ad
843 2694 1054 2728 waldonem
1081 2695 1238 2738 (Attonis
1265 2708 1347 2741 opp.
1366 2698 1423 2731 ed.
1441 2697 1634 2731 Bul-entius
1649 2707 1686 2740 p.
1702 2695 1797 2731 ⁸1⁷

320 2752 406 2775 nam
440 2743 546 2776 aunis
581 2742 738 2783 defendi,
775 2743 1053 2787 depraedatione
1084 2745 1142 2776 vel
1175 2745 1420 2779 devastatione
1454 2745 1647 2787 vindicari,
1676 2754 1702 2789 p
1730 2759 1790 2772 τοι

323 2790 440 2833 ditari,
466 2790 525 2824 vel
550 2791 744 2825 homicidio
770 2792 828 2824 vel
855 2793 1125 2826 detruncatione
1151 2794 1279 2836 timeri,
1305 2805 1374 2827 uon
1401 2793 1628 2828 sacerdotum
1643 2792 1710 2827 sed
1735 2809 1739 2820 ·
1760 2819 1762 2821 v

320 2850 465 2873 monum
490 2843 564 2882 est;
589 2840 683 2874 Hist.
711 2840 773 2873 ott
813 2850 843 2875 c.
872 2841 905 2875 1.
1004 2839 1044 2884 2)
1071 2842 1140 2882 Qui
1165 2847 1291 2886 postea
1315 2842 1554 2876 Adalheidam
1579 2841 1743 2886 reginam
1777 2857 1794 2869 ⁷—

323 2897 467 2922 carcere
493 2888 660 2922 liberavit
685 2899 728 2922 ac
753 2892 889 2923 tutatus
915 2894 979 2924 est.
1786 2923 1787 2926 ,

1818 2774 1824 3005 ἰ

1818 3056 1820 3066 ι

1817 3079 1820 3086 ι

1818 3099 1819 3107 η

1817 3121 1819 3130 ι
