1838 3210
241 255 544 291 LIUDPRANDI
569 254 917 290 ANTAPODOSIS.
967 255 1062 289 LIB.
1090 254 1119 289 1.
1171 254 1326 288 36—39.
1488 255 1531 288 21

40 334 46 342 ‘
41 147 70 281 ,Tu-:2332
41 46 72 142 W?
43 33 46 39 ”

70 175 74 177 “
71 164 78 169 ³
72 60 80 79 Ἀ
79 46 82 53 .

93 367 180 410 'aui
207 369 422 426 possent¹.
468 367 624 410 Utrum
653 381 754 409 vero
783 382 862 424 pro
891 372 978 409 tam
1005 367 1198 409 inmenso
1218 366 1388 419 scelere,
1412 367 1533 409 Hun-

39 438 89 474 ις,-
125 423 262 467 ‘orum
300 423 461 466 scilicet
506 423 753 476 emissione,
790 423 1025 466 secundum
1071 422 1324 488 prophetam
1369 422 1532 480 duplici

55 478 101 523 =‘t
127 480 388 523 contricione
416 480 595 533 attritus,
628 494 684 521 an
713 494 769 522 ex
796 480 983 536 presenti
1013 493 1064 521 su
1096 478 1226 545 phcio
1255 493 1530 536 consequere·
1544 495 1603 522 ιω.
1625 495 1734 529 ιηιε.

31 567 34 573 ·
57 556 78 571 -·
139 536 310 579 veniam
339 537 384 577 in
411 535 568 588 futuro,
598 534 675 578 soli
704 534 816 577 illius
844 535 1043 578 scientiae
1097 535 1343 590 mittamus,
1372 549 1456 592 quo
1477 535 1530 578 de

43 604 71 635 a
101 590 261 634 ostolus
291 590 420 634 dicit:
458 589 613 634 ‘Nolite
641 597 739 634 ante
767 598 936 648 tempus
974 590 1175 646 iudicare,
1213 591 1349 634 donec
1386 592 1560 635 venian
1576 609 1645 637 cor.
1665 610 1692 643 4,
1715 607 1745 635 ο.

42 605 252 702 aiminus,
282 648 354 705 qui
384 654 427 690 et
453 645 724 689 inluminabit
751 645 1000 690 abscondita
1028 646 1298 690 tenebrarum
1328 653 1371 690 et
1398 649 1531 690 mani-

22 701 213 747 restabit
242 702 418 746 consilia
445 702 656 757 cordium3
687 710 730 746 et
757 711 858 746 tunc
884 702 979 745 laus
1007 704 1087 746 erit
1113 704 1257 746 unicui
1289 719 1342 747 ue
1371 718 1398 746 a
1425 702 1530 747 deo'.

26 784 33 804 ι,
154 759 222 803 37.
266 759 410 803 Iustus
440 761 570 815 igitur
605 758 711 802 deus
749 760 874 802 uxori
901 758 1111 812 widonis,
1143 774 1251 817 quae
1310 760 1381 802 uic
1409 774 1532 816 para-
1547 782 1621 819 (10.)

11 819 160 858 verat
187 822 380 870 mortem,
447 821 540 858 arat
570 815 790 859 viduitatis
819 814 1022 858 dolorem.
1080 815 1202 859 Sicut
1238 816 1351 858 enim
1379 815 1532 872 prefati

238 871 339 914 dum
369 887 414 914 re
447 878 616 914 euntem
654 869 881 922 Arnulfum
910 871 1042 914 Wido
1080 885 1159 916 rex
1195 886 1219 914 e
1257 872 1438 929 vestigio
1469 887 1532 916 se-

28 948 37 954 ·=
56 933 254 982 nerem,
283 928 396 971 iusta
422 927 602 970 fluvium
631 926 856 972 defunctus
884 934 950 971 est
977 927 1153 971 Tarum.
1202 926 1337 971 Cuius
1367 926 1529 972 obitum
1544 945 1612 976 εει.

14 997 23 1022 2
39 939 329 1041 gei-angarias
366 989 414 1026 ut
442 983 606 1027 audivit
667 983 845 1027 festinus
883 984 1064 1041 Papiam
1096 983 1226 1039 venit,
1264 998 1530 1042 regnumque

53 1046 235 1084 ⁴0tenter
262 1040 440 1098 accepit.
498 1015 668 1082 Fideles
704 1054 806 1083 vero
843 1039 1114 1098 fautoresque
1142 1039 1366 1095 Widonis,
1406 1041 1532 1084 veriti

19 1100 93 1139 ⁴ne
120 1096 176 1139 ab
204 1095 266 1139 eis
295 1095 468 1140 inlatam
497 1095 782 1152 Berengarius
810 1095 1085 1140 ulcisceretur
1111 1096 1323 1151 iniuriam,
1358 1102 1401 1139 et
1430 1097 1533 1155 quia

70 1166 209 1209 mper
226 1150 445 1195 Italienses
464 1152 647 1210 geminis
667 1152 729 1195 uti
749 1151 932 1195 dominis
950 1153 1112 1207 volunt,
1133 1153 1331 1210 quatinus
1350 1151 1531 1196 alterum

23 1219 50 1262 ⁴³-
78 1209 210 1251 terius
245 1215 404 1251 terrore
443 1208 696 1251 coherceant
706 1215 736 1263 ²,
775 1207 975 1251 Widonis
1013 1209 1126 1266 regis
1156 1208 1344 1252 defuncti
1381 1208 1530 1264 filium,

15 1269 207 1315 'fummne
247 1263 536 1319 Lambertum,
573 1263 810 1321 elegantem
845 1265 1045 1308 iuvenem
1058 1297 1069 1319 ,
1108 1264 1249 1308 adhuc
1287 1264 1530 1323 ephoebum

22 1320 78 1364 ἐπ’
92 1320 247 1378 u’sque
287 1319 555 1375 bellicosum,
598 1335 744 1378 regem
788 1321 1053 1364 constituunt
1063 1327 1093 1363 ³.
1170 1320 1298 1379 Cepit
1345 1321 1530 1379 denique

8 1382 150 1419 cnunc
179 1375 298 1419 adire
359 1376 524 1434 opulus,
553 1376 858 1434 Berengarium
888 1376 1096 1421 deserere.
1146 1376 1343 1434 Cumque
1372 1377 1529 1421 Beren-

74 1433 181 1475 rius
208 1431 316 1475 Lam
347 1439 451 1487 erto,
478 1447 635 1499 magno
665 1447 764 1475 cum
793 1434 985 1477 exercitu
1013 1433 1193 1490 Papiam
1222 1433 1425 1485 tendenti,
1461 1448 1528 1476 co-

22 1488 204 1532 darum
263 1489 447 1532 aucitate
477 1489 650 1532 obmare
687 1490 893 1547 nequiret,
928 1489 1144 1532 Veronam
1173 1491 1308 1547 petiit,
1347 1490 1528 1547 isticque

106 1558 209 1587 urus
231 1503 387 1602 {eguit
395 1552 426 1587 ⁴.
483 1545 580 1587 Non
607 1552 706 1601 post
732 1545 911 1588 multum
930 1560 1032 1588 vero
1052 1546 1255 1603 temporis
1274 1545 1528 1589 Lambertus

66 1614 113 1643 x
132 1614 231 1643 cum
250 1607 361 1644 esset
379 1601 446 1643 vir
465 1615 651 1655 severus,
681 1600 950 1659 principibus
969 1601 1114 1658 gravis
1135 1607 1201 1644 est
1218 1602 1350 1644 visus.
1398 1601 1526 1645 Unde

36 1687 53 1703 ,-
93 1655 256 1755 leffiatos
276 1656 492 1700 Veronam
513 1656 591 1699 diri
683 1665 712 1711 t,
732 1672 878 1714 regem
897 1657 1208 1715 Berengarium
1226 1657 1283 1700 ad
1302 1673 1347 1701 se
1366 1659 1525 1712 venire,

55 1743 58 1745 Α
81 1733 85 1749 ι
110 1733 131 1750 n
174 1719 310 1756 ertum
339 1727 440 1756 vero
470 1727 579 1770 expe
611 1728 681 1756 ere
709 1719 873 1770 petunt.

8 1823 9 1826 Ἴ
47 1814 54 1823 ,
144 1769 213 1813 38.
256 1768 564 1826 Magimfredus
593 1776 800 1827 preterea,
859 1769 1025 1813 redives
1046 1767 1376 1813 Mediolanensis
1405 1769 1525 1814 urbis
1539 1783 1606 1810 aas.

27 1838 190 1881 mes,
228 1825 549 1883 quinquennio*
578 1825 679 1868 huic
707 1785 877 1869 rebellis
905 1826 1127 1879 extiterat3
1170 1826 1244 1884 qui
1271 1840 1358 1868 non
1387 1825 1526 1869 solum

32 1902 50 1938 v¹·
83 1879 183 1924 bem
211 1881 256 1923 in
286 1895 371 1939 qua
397 1880 566 1924 rebellis
594 1889 695 1937 erat,
729 1881 1034 1924 Mediolanium
1063 1881 1236 1936 scilicet,
1266 1881 1525 1937 defenderat,

118 1952 180 1979 m
210 1937 337 1981 etiam
365 1937 508 1980 vicina
544 1937 704 1980 circum
737 1952 878 1996 uaque
916 1937 1011 1981 loca
1038 1937 1268 1981 Lamberto
1297 1939 1526 1982 servientia

89 1993 158 2036 uis
187 1991 487 2052 depopulabat.
546 1992 673 2047 Quod
716 2000 861 2037 actum
887 2009 965 2037 rex
998 2009 1085 2037 non
1122 2008 1274 2052 passus
1306 2001 1378 2046 ‚est
1405 1994 1524 2038 abire

10 2048 264 2104 j[··ultum··‚
312 2048 687 2107 spalmographum
734 2048 839 2093 illud
883 2065 1063 2108 persepe
1106 2051 1346 2093 ruminans:
1396 2050 1522 2094 ‘Cum
1534 2074 1584 2103 p„
1609 2075 1655 2110 u,
1678 2076 1704 2105 ⁸,

94 2119 239 2171 pero
268 2112 448 2172 tempus,
478 2120 559 2163 ego
589 2105 770 2149 iustitias
787 2105 1012 2151 iudicabo'.
1052 2106 1163 2149 Nam
1184 2115 1282 2164 post
1300 2106 1520 2164 paululum

42 2161 182 2219 pitis
210 2161 324 2204 hunc
351 2169 532 2205 1usserat
560 2161 763 2206 damnare
792 2163 1012 2206 sententia.
1071 2163 1194 2216 Quae
1218 2178 1285 2206 res
1314 2169 1518 2206 terrorem

9 2219 18 2261 ζ’
68 2237 74 2252 ι
98 2217 197 2261 ·ctis
224 2216 496 2261 Italiensibus
525 2232 611 2260 non
639 2219 863 2261 minimum
891 2218 1055 2262 adtulit.

8 2273 17 2318 ,’
140 2273 209 2317 39.
251 2273 449 2331 Denique
486 2274 569 2316 hoc
604 2274 755 2317 eodem
793 2280 878 2317 tem
912 2289 984 2317 ore
1022 2273 1301 2329 Adelbertus,
1344 2273 1519 2318 illustris
1534 2293 1601 2320 888.

8 2335 45 2391 K>1
70 2343 270 2373 uscorum
289 2330 491 2383 marchio,
520 2336 648 2429 atque
667 2329 866 2388 Ildepran
897 2345 960 2385 us,
988 2338 1217 2430 prepotens
1238 2345 1393 2386 comes,
1417 2330 1518 2374 huic

5 2385 112 2444 3:}.··'¹³
147 2391 245 2428 sunt
281 2383 497 2429 rebellare.
594 2393 718 2430 antae
754 2386 915 2444 quippe
953 2385 1063 2430 Adel
1095 2394 1209 2431 ertus
1247 2394 1339 2431 erat
1373 2393 1520 2445 poten·

7 2535 13 2557 ‚
49 2508 62 2548 )
83 2513 212 2540 nultum
236 2515 262 2540 1.

8 2610 27 2647 ἷῖ
57 2619 72 2662 )
88 2619 129 2654 In
152 2618 328 2654 narrando
342 2620 463 2654 morbo
479 2624 514 2654 et
533 2621 735 2664 turpissima
747 2618 883 2654 Arnum
894 2624 1004 2654 morte
1017 2620 1169 2655 stolidae
1182 2620 1394 2666 plebeculae
1408 2621 1520 2655 Liud·

10 2666 45 2711 *0³3
106 2667 203 2703 dnm
219 2669 361 2702 nimiam
377 2668 482 2703 fidem
497 2669 664 2703 habuisse
679 2669 806 2713 Kapko
821 2670 965 2703 monuit.
1041 2669 1075 2714 2)
1090 2669 1276 2704 Celebrem
1290 2670 1362 2704 hun
1379 2669 1519 2704 clocnm

7 2716 49 2759 5
69 2716 156 2751 udat
180 2718 251 2751 iam
276 2718 490 2762 Bag-minua
515 2718 642 2756 (Gesta
667 2717 842 2751 Friderici
868 2719 953 2764 imp.
980 2718 1050 2759 111,
1077 2729 1108 2751 c.
1135 2719 1212 2761 88).
1296 2720 1334 2762 8)
1348 2719 1518 2752 Lamber-

7 2767 28 2821 ’ἓ
57 2784 72 2792 ··
113 2767 323 2801 constitutus
357 2772 411 2801 est
444 2777 505 2800 rex
537 2770 638 2811 patre
673 2768 753 2801 vivo
780 2777 814 2802 a.
840 2766 925 2809 891,
951 2768 1143 2812 imperator
1167 2768 1347 2802 Romanus
1373 2778 1406 2801 a.
1434 2767 1518 2801 899..

6 2820 30 2871 3⁸³
57 2813 73 2858 )
97 2813 307 2850 hunbertus
343 2819 379 2849 et
411 2815 648 2859 Berenoearius
681 2825 712 2850 ι.
739 2815 810 2848 898
845 2816 985 2850 Italiam
1019 2815 1168 2861 pacifice
1202 2818 1294 2851 inter
1328 2827 1366 2851 ιε
1401 2816 1517 2850 distri-

3 2867 33 2923 ἐς,
68 2868 194 2898 crunt.
293 2862 333 2908 δ)
359 2863 465 2898 Haud
492 2863 644 2909 amplius
670 2875 778 2909 quam
806 2864 942 2900 duobus
968 2870 1030 2900 aut
1054 2865 1167 2901 tribus
1198 2867 1299 2900 annia
1325 2865 1517 2899 Lamberto

9 2912 28 2963 ,ζ
97 2914 168 2947 tit.
