1838 3210
222 332 288 359 989.

160 1273 172 1286 ’
184 1283 214 1308 p.
228 1275 292 1302 ³23.

220 1604 294 1639 (ιε.)

160 1894 224 1920 loh.
249 1894 296 1927 18,

171 1934 216 1960 23.
239 1934 286 1960 25.

151 2704 225 2732 Luc.
248 2706 295 2739 18,

168 2744 294 2771 81—38.

299 210 344 242 92
489 205 789 241 LlUDPRANDI
815 200 1162 237 ANTAPODOSIS·
1213 198 1308 232 LIB.
1334 197 1399 231 IV.
1451 196 1609 231 25-20.

303 318 471 364 Rodulti
502 319 614 374 regis
644 331 715 359 cor
744 314 961 367 emollivit,
990 313 1187 369 iustoque
1217 309 1308 366 regi
1338 309 1450 351 iusta
1470 308 1582 352 iuste
1601 308 1765 367 petenti
1794 342 1796 346 .

302 376 495 419 cominus
525 373 710 418 tradidit.
767 371 916 427 Neque
947 369 1059 411 enim
1088 381 1194 424 pace
1221 371 1419 423 presente
1447 362 1650 407 simultati
1696 384 1703 401 ·
1752 385 1784 401 ·.

303 438 403 476 erat.
461 430 569 472 Nam
601 437 643 472 et
672 443 735 483 eo,
775 427 847 485 qui
877 426 942 468 his
973 423 1204 467 crucifixus
1236 428 1312 474 est,
1350 434 1378 462 a
1405 419 1544 463 Pilato
1571 418 1630 462 ad
1656 418 1793 464 Hero-

303 488 400 531 dem
446 493 710 552 properante,
755 483 852 525 facti
897 488 995 523 sunt
1037 478 1164 521 amici
1207 477 1251 519 in
1299 475 1372 519 illa
1419 475 1502 531 die,
1550 475 1624 534 qui
1701 475 1757 519 ri
1798 505 1803 514 .

304 545 461 586 inimic1
491 550 610 585 erant
639 539 694 582 ad
730 539 927 581 invicem.
986 537 1156 589 Quanto
1193 540 1336 575 autem
1371 545 1517 575 amore
1549 545 1628 575 rex
1661 490 1779 576 fiam

303 600 416 642 ricus
459 597 668 655 prefatum
712 591 991 638 inestimabile
1028 591 1187 634 donum
1223 587 1452 646 acceperit,
1489 601 1590 631 cum
1618 587 1664 630 in
1690 600 1811 631 non-5

303 653 428 698 nullis
458 654 598 707 rebus,
628 660 717 694 tum
747 651 789 692 in
819 650 900 692 hoc
930 646 1151 714 presertim
1181 644 1344 699 claruit,
1389 642 1507 701 quod
1542 657 1630 686 non
1657 642 1813 687 001».

304 726 354 754 eo
384 709 553 752 dantem
583 723 629 749 se
658 706 751 749 auri
781 711 1030 762 argentique
1061 700 1325 754 muneribus,
1354 714 1503 743 verum
1532 699 1662 743 etiam
1690 698 1813 743 Sue-

303 781 451 809 vorum
482 764 701 822 provincie
730 768 849 820 parte
879 776 963 803 non
993 758 1170 800 minima
1198 756 1434 799 honoravit.
1486 754 1610 800 Deus
1637 761 1808 811 autem,

304 822 390 879 qui,
421 835 504 886 quo
535 820 714 876 quisque
744 817 848 874 quid
876 817 1017 859 animo
1047 819 1238 871 peragat,
1267 813 1468 866 intuetur,
1493 825 1581 855 non
1608 811 1808 855 muneris

305 876 552 934 quantitatis
607 875 681 917 sed
730 873 868 916 bonae
917 870 1148 914 voluntatis
1198 869 1415 925 inspector
1461 881 1515 910 ac
1554 866 1814 923 retributor,

334 940 463 975 uanta
493 930 547 974 ob
577 929 829 988 prelibatam
859 943 948 971 rem
978 925 1174 969 mercede
1204 932 1376 968 aeterno
1404 923 1450 966 in
1477 921 1649 967 saeculo
1674 923 1814 981 pium(

305 948 526 1032 donaverit
554 1001 713 1042 regem,
742 985 910 1027 indiciis
952 981 1211 1040 quibusdam
1247 980 1328 1023 hoc
1357 980 1488 1022 etiam
1523 979 1571 1022 in
1602 985 1692 1023 tem
1809 1027 1812 1028 ⁷

305 1043 505 1103 prodidit,
535 1042 636 1084 dum
667 1050 814 1084 contra
843 1056 888 1083 se
918 1040 1185 1095 insurgentes
1214 1037 1295 1079 hoc
1322 1034 1565 1079 victorifero
1593 1049 1623 1092 p
1655 1055 1685 1071 ·-·
1708 1055 1713 1070 ·
1739 1055 1758 1071 ιι

306 1102 430 1156 signo
461 1113 628 1155 semper
656 1098 798 1140 hostes
834 1097 984 1139 terruit
1018 1102 1148 1151 atque
1186 1092 1367 1149 fugavit.
1429 1090 1529 1134 Hac
1561 1091 1695 1148 igitur
1728 1097 1817 1134 oca

308 1156 490 1208 casione,
529 1155 660 1196 immo
700 1153 768 1195 dei
806 1152 1035 1204 voluntate,
1081 1156 1273 1192 sanctam
1314 1163 1393 1191 rex
1426 1146 1655 1191 Heinrieus

308 1212 461 1269 pheam
492 1210 671 1266 adeptus
701 1218 783 1263 est,
816 1223 944 1265 quam
974 1206 1060 1249 filio
1092 1220 1184 1259 suo,
1214 1203 1268 1247 de
1298 1204 1416 1261 quob
1445 1203 1491 1246 in
1521 1217 1644 1247 resen
1656 1222 1692 1239 a:
1738 1224 1742 1237 .
1767 1223 1804 1244 ιι.4

307 1266 430 1309 nobis
475 1280 613 1308 sermo
657 1272 732 1319 est,
783 1264 992 1307 decedens
1036 1276 1133 1303 cum
1178 1275 1311 1316 regno
1354 1258 1482 1302 simul
1543 1257 1822 1302 hereditario>

308 1322 546 1378 dereliquit.
624 1320 710 1374 Qui
767 1327 928 1377 quanta
983 1318 1142 1360 donum
1191 1314 1476 1359 inestimabile
1528 1329 1636 1358 vene
1668 1335 1673 1350 .-
1698 1334 1765 1352 -ιιι
1786 1330 1818 1368 ’ζ

308 1377 498 1430 coluerit,
526 1377 705 1419 victoria
733 1391 818 1419 non
848 1375 985 1418 solum
1024 1373 1188 1417 indicat
1254 1386 1412 1427 resens,
1452 1385 1605 1414 verum
1637 1369 1816 1414 divino-1

306 1449 413 1487 rum,
442 1440 490 1475 ut
518 1432 727 1490 promturi
756 1447 917 1486 sumus,
947 1428 1198 1473 admiranda
1240 1428 1395 1484 argitio
1424 1440 1662 1472 munerum.
1734 1426 1823 1475 ἓ,

306 1491 450 1546 itaque
493 1489 727 1547 perterritis
765 1494 893 1544 atque
931 1486 1104 1543 fugatis,
1146 1499 1227 1527 rex
1263 1483 1401 1538 rediit,
1437 1496 1525 1526 non
1552 1489 1719 1526 tantum
1746 1480 1823 1534 dac?

307 1545 487 1588 victoria
513 1544 661 1599 laetus,
691 1550 899 1601 quantum
927 1543 980 1586 de
1010 1542 1158 1584 divina
1184 1539 1456 1583 miseratione
1612 1539 1622 1548 ”
1656 1552 1744 1584 cus.
1805 1542 1822 1596 ⁷3}

420 1602 488 1644 26.
517 1601 644 1644 Libet
672 1606 816 1643 autem
844 1598 1067 1656 paululum
1106 1596 1339 1650 immorari,
1376 1601 1419 1639 et
1454 1609 1540 1652 quo
1604 1609 1692 1641 non
1717 1593 1820 1647 for,

307 1657 419 1700 tuitu
449 1655 525 1699 sed
554 1655 634 1699 deo
664 1655 913 1712 disponente
942 1655 1023 1697 hec
1050 1655 1111 1696 ita
1138 1652 1383 1706 acciderint,
1412 1664 1623 1695 enarrare.
1671 1655 1701 1698 ,·
1754 1656 1822 1700 ιι«,.ξῖ’

307 1711 404 1755 luce
433 1712 557 1755 nobis
588 1711 742 1754 clarius
771 1709 984 1754 constabit
995 1718 1024 1759 ⁶,
1066 1710 1102 1751 si
1131 1708 1295 1751 domini
1329 1715 1372 1751 et
1408 1706 1630 1750 salvatoris
1665 1720 1767 1750 nos·
1799 1714 1810 1751 ι’,

307 1768 408 1811 Iesu
439 1767 599 1811 Christi
627 1767 950 1824 apparitionem,
990 1780 1101 1823 quae
1141 1770 1240 1821 post
1272 1763 1627 1807 resurrectionem
1653 1777 1717 1806 m·
1741 1781 1780 1801 ιι
1803 1774 1807 1775 ⁷

308 1824 427 1866 ribus
456 1838 507 1866 ac
537 1823 757 1880 discipulis
785 1823 898 1866 facta
927 1829 1004 1876 est,
1032 1822 1078 1863 in
1106 1820 1297 1864 medium
1325 1818 1606 1877 proferamus.
1645 1817 1749 1862 Fid
1768 1838 1807 1865 ιι;

310 1879 439 1932 Petri,
478 1878 750 1922 dilectionem
786 1878 988 1921 Iohannis
1027 1890 1157 1933 supra
1195 1882 1345 1933 pectus
1379 1874 1575 1932 magistri
1610 1874 1659 1918 in
1704 1894 1763 1912 υιιι
1784 1884 1817 1911 τὶ

309 1935 610 1988 recumbentis,
654 1934 840 1977 Thomas
885 1935 1061 1977 firmiter
1102 1938 1293 1987 noverat,
1336 1945 1410 1975 eos
1453 1929 1511 1974 ad
1553 1944 1642 1988 sep?
1687 1950 1706 1967 u
1737 1951 1742 1967 ι
1768 1951 1810 1981 ιι,

309 1991 560 2044 cucurrisse,
607 1990 824 2047 nichilque
866 1997 1008 2047 preter
1048 1988 1295 2031 linteamina
1334 1985 1549 2030 invenisse
1593 1985 1771 2030 audiere

306 2046 553 2103 angelorum
582 2047 710 2089 etiam
738 2046 940 2100 visiones,
976 2046 1051 2102 qui
1079 2059 1178 2087 eum
1206 2045 1350 2087 vivere
1378 2048 1628 2096 assererent,
1655 2042 1799 2087 mulier

306 2101 425 2145 ribus
454 2103 705 2159 apparuisse
734 2109 1005 2159 cognoverat.
1065 2100 1152 2144 Sed
1170 2107 1281 2154 esto3
1309 2099 1419 2143 forte
1438 2099 1554 2142 enim
1571 2097 1695 2143 muli
1737 2119 1743 2135 ·
1769 2120 1810 2146 u,

307 2158 596 2201 infirmitatem
625 2159 912 2213 considerans,
956 2156 1207 2200 mulieribus
1251 2169 1339 2198 non
1380 2153 1594 2198 credebat.
1664 2152 1788 2198 Cedo
1811 2155 1818 2158 *⁷

308 2214 494 2270 inquam,
538 2221 682 2257 sancte
711 2213 890 2269 Thoma,
936 2214 973 2255 si
1009 2213 1178 2256 duobus
1213 2209 1435 2268 discipulis
1476 2209 1535 2253 ad
1576 2208 1742 2258 castell·
1768 2231 1787 2247 ιι

307 2268 513 2312 Emmaus
542 2270 883 2327 properantibus,
923 2268 1081 2327 quibus
1118 2282 1206 2311 non
1241 2265 1380 2310 solum
1418 2265 1621 2324 apparuit
1653 2265 1732 2310 sed
1758 2280 1805 2310 e

309 2325 555 2382 scripturas,
585 2340 695 2382 quae
725 2325 779 2369 de
810 2341 855 2369 se
884 2332 1017 2379 erant,
1046 2324 1286 2382 apperuitd,
1321 2323 1454 2365 immo
1493 2322 1622 2365 etiam
1638 2335 1784 2370 secun
1807 2333 1808 2336 ’

308 2380 411 2423 dum
441 2389 690 2424 consuetum
733 2395 895 2425 morem
930 2395 1088 2438 panem
1125 2378 1358 2432 benedixit,
1394 2378 1537 2436 fregit,
1577 2391 1631 2422 ac
1677 2397 1717 2415 ιι
1733 2397 1740 2414 ι
1754 2377 1767 2388 ’

308 2450 392 2479 non
436 2437 595 2491 credis3
645 2437 844 2480 omnibus
890 2444 1035 2480 tamen
1082 2433 1404 2492 condiscipulis,
1453 2434 1612 2491 quibus
1658 2434 1749 2482 ian}
1763 2433 1821 2473 :2⁴

309 2490 463 2534 clausis
493 2493 704 2558 apparuit,
735 2493 840 2550 quid
869 2492 999 2535 fidem
1027 2507 1115 2534 non
1143 2490 1347 2534 adhibere
1371 2487 1622 2535 contendis?
1647 2488 1784 2538 Meni
1801 2516 1809 2527 2

307 2548 474 2602 nistine,
517 2563 706 2605 mquam,
750 2548 932 2591 eundem
976 2547 1196 2590 dominum
1239 2554 1283 2590 et
1324 2553 1619 2604 preceptorem
1690 2565 1772 2582 ιιιι
1804 2568 1806 2570 v

309 2603 377 2645 cui
423 2610 465 2646 te
513 2605 861 2647 commoriturum
909 2603 1208 2661 promittebas,
1255 2610 1354 2645 ante
1431 2602 1644 2644 assionem
1702 2622 1708 2639 ι
1781 2620 1795 2637 ι

309 2659 450 2701 omnia
478 2659 743 2716 predixisse‘?
771 2659 847 2702 Ait
873 2674 1076 2716 namque:
1115 2659 1245 2702 ‘Ecce
1274 2672 1403 2701 ascen
1493 2672 1545 2700 us
1572 2655 1782 2700 Iberosoli
1802 2667 1816 2675 ·’

308 2728 436 2767 mam,
484 2722 527 2758 et
568 2714 979 2758 consummabuntur
1022 2717 1177 2769 omnia,
1220 2729 1331 2772 quae
1375 2715 1536 2772 scripta
1579 2718 1679 2761 sunt
1719 2727 1803 2771 P·-

310 2822 340 2856 ι)
360 2823 532 2855 petententi
550 2825 575 2850 1.
637 2822 668 2857 b)
686 2831 740 2850 suo
761 2825 842 2850 unde
865 2825 904 2857 (5.
930 2823 990 2857 52.)
1014 2822 1062 2850 δι’
1090 2824 1154 2849 Vita
1175 2823 1204 2850 S.
1221 2823 1345 2850 Gerardi
1365 2822 1535 2849 Brom'enn‘n
1555 2829 1578 2850 c.
1593 2820 1640 2848 18.
1695 2818 1724 2855 ο)
1738 2826 1767 2846 e

310 2862 460 2889 constabit
482 2864 511 2889 1.
532 2862 644 2888 duabus
663 2863 754 2890 lineis.
837 2863 866 2897 d)
888 2866 909 2890 ι’.
932 2871 954 2892 e.
978 2864 1108 2897 aperuit.
