1838 3210
330 220 375 251 54

391 330 455 370 11.

392 441 455 483 12.

393 496 454 538 13.

395 609 456 650 14.

393 775 456 817 16.

394 885 457 929 15.

396 998 458 1040 17.

394 1165 459 1206 18.

396 1332 461 1373 19.

393 1443 459 1485 20.

392 1499 460 1541 21.

394 1610 460 1652 22.

394 1721 460 1765 23.

394 1833 460 1875 24.

394 1945 461 1988 25.

395 2000 461 2043 26.

396 2112 463 2155 27.

397 2278 464 2321 28.

397 2390 463 2431 29.

397 2500 465 2543 30.

397 2611 486 2653 31.θ
508 2612 596 2655 Cur
623 2614 896 2678 imperatores
925 2615 1260 2678 porphirogeniti
1288 2615 1496 2658 dicantur.

399 2667 490 2709 325ἰ
510 2668 701 2721 Qualiter
719 2669 900 2712 Basssius
929 2670 1149 2713 1nterfecto
1179 2671 1352 2714 domino
1381 2685 1458 2714 suo
1478 2668 1717 2714 Michahele
1745 2670 1820 2712 im·

343 2806 374 2840 ι)
395 2806 597 2834 burchardum
619 2809 645 2835 2.
735 2808 766 2842 b)
789 2816 823 2835 us
844 2810 875 2834 in
895 2816 1003 2835 ratum
1028 2812 1053 2837 1.
1144 2810 1172 2845 c)
1194 2812 1237 2837 hic
1257 2818 1393 2838 numerus
1413 2811 1487 2837 deut
1509 2812 1535 2837 1.
1625 2809 1657 2844 d)
1677 2808 1774 2836 XXXI
1796 2808 1813 2837 1

346 2868 383 2911 1)
410 2869 557 2905 Scilicet
581 2873 780 2916 apostasiae
806 2883 897 2914 rem,
922 2873 968 2906 ad
994 2874 1152 2908 seculum
1177 2886 1350 2910 reversus.

622 212 919 248 LIUDPRANDI
946 208 1293 245 ANTAPODOSIS.
1344 207 1439 241 LIB.
1466 206 1534 242 111.

499 326 627 380 Quod
656 339 778 367 mane
808 323 920 366 facto
957 338 1001 366 re
1030 321 1201 378 cognita
1230 318 1401 362 Rodulfi
1430 317 1584 363 milites
1612 316 1818 362 Mediob-

499 383 615 424 nium
645 381 841 436 fugerint.

499 437 716 481 Italienses
747 434 800 477 ob
830 434 1059 490 Hugonem
1088 433 1271 475 mittunt.

498 493 704 537 Rodulfus
736 492 865 547 igitur
893 491 936 531 in
957 491 1047 531 Bur
1077 487 1251 531 undiam
1271 486 1391 529 vadit
1434 493 1477 530 et
1495 484 1816 529 Bmchardum·

500 563 690 592 socerum
720 562 844 589 suum
873 545 928 587 ad
956 546 1054 587 auxi
1075 545 1161 586 ium
1191 558 1317 585 suum
1348 518 1536 585 adducit.
1627 574 1630 578 .

500 607 597 659 Qua
625 603 842 647 occasione
872 600 1146 643 Bruchardus
1175 598 1480 642 Mediolanium
1508 598 1563 640 sit
1586 596 1816 655 profectus,

501 669 543 704 et
571 675 646 702 cur
674 660 732 702 ibi
762 657 991 701 honorifice
1020 663 1243 713 susceptus
1272 655 1326 698 de
1354 654 1447 698 eius
1475 654 1532 698 sit
1549 660 1685 698 morte
1708 660 1816 697 tme-

500 724 646 760 tatum.

501 770 772 815 Bruchardus
808 768 1064 812 Mediolanio
1103 767 1270 810 rediens
1309 766 1539 809 Novariam
1573 765 1704 820 venit,
1741 764 1819 809 ubi

501 835 544 872 et
571 827 624 870 ab
656 826 923 869 Italiensibus
953 840 1049 866 cum
1079 824 1165 866 suis
1195 822 1392 865 omnibus
1422 821 1641 867 occiditur.

501 886 603 927 Post
631 881 869 925 Bruchardi
897 894 1045 923 necem
1065 879 1272 923 Rodulfus
1302 880 1347 921 in
1365 876 1661 936 Burgundiam
1678 875 1818 934 fugiit,

501 947 544 982 at
575 954 627 981 ue
657 938 786 993 Hugo
815 953 892 994 per
919 936 957 978 T
990 935 1187 978 rrhenum
1217 949 1334 978 mare
1363 935 1409 976 in
1436 933 1604 977 Italiam
1631 933 1764 977 venit.

502 994 761 1038 Itaiensium
799 1008 914 1035 nonn
975 993 989 1034 i
1028 992 1085 1034 ad.
1122 993 1266 1035 Pisam
1304 992 1344 1035 ei
1384 995 1626 1044 occurrunt,
1664 988 1742 1032 ubi
1777 995 1822 1032 et

502 1051 701 1093 Iohannis
727 1063 863 1106 papae
883 1049 1022 1091 nuntii
1039 1048 1227 1103 veniunt,
1248 1062 1432 1105 quorum
1451 1046 1623 1090 hortatu
1639 1045 1821 1104 Papiam

533 1122 683 1164 ergens
710 1121 787 1148 rex
817 1105 1010 1148 efficitur.

502 1122 571 1206 Ee
608 1161 791 1204 Widone
828 1161 940 1218 regis
975 1160 1174 1217 Hugonis
1203 1159 1345 1215 fratre,
1404 1159 1450 1201 ui
1485 1157 1691 1202 Tusciam
1718 1164 1822 1201 tunc

504 1219 685 1272 tenebat,
725 1218 799 1274 qui
836 1217 1112 1259 Marozotiam
1150 1223 1338 1259 scortum
1408 1229 1603 1258 omanam
1641 1227 1822 1258 uxorem

503 1274 700 1317 habebat.
1423 1299 1426 1302 -

503 1330 800 1427 Pedgllurimis
838 1329 1036 1385 Hugonis
1074 1328 1187 1385 regis
1225 1328 1466 1383 virtutibus,
1509 1339 1615 1386 quas
1652 1324 1838 1374 luxuria.-

522 1400 570 1428 oe
658 1393 713 1427 at.
1836 1391 1838 1415 ¹

504 1442 633 1495 Quod
663 1441 775 1483 idem
806 1456 882 1483 rex
911 1440 985 1482 Hu
1019 1455 1042 1482 ο
1073 1439 1181 1482 duos
1210 1439 1320 1482 filios
1347 1447 1451 1483 tunc
1480 1438 1689 1483 habuerit.

503 1497 572 1540 De
608 1511 657 1594 ei?
698 1496 814 1554 quod
853 1511 930 1539 rex
1012 1510 1097 1553 ugo
1127 1496 1379 1539 Heinricum
1416 1509 1563 1552 regem
1599 1493 1683 1538 sibi
1720 1493 1824 1536 ami-

505 1569 604 1596 cum
649 1554 747 1596 acit.

503 1610 643 1663 Quem
672 1610 868 1652 nuntium
897 1623 974 1651 rex
1004 1607 1418 1666 Constantinopolim
1446 1606 1603 1652 direxit
1629 1605 1823 1649 Romano

504 1667 563 1707 im
596 1666 763 1708 eratori.

504 1681 592 1818 Deip
601 1721 767 1763 duobus
797 1719 974 1763 canibus
995 1720 1242 1778 imperatori
1261 1720 1433 1764 directis
1453 1719 1528 1778 qui
1546 1733 1646 1762 eum
1663 1717 1830 1762 laniare>

503 1791 556 1820 vo
574 1785 738 1821 uerunt.

504 1833 644 1886 Quam
673 1833 727 1875 ob
758 1848 848 1876 rem
882 1833 994 1889 regis
1023 1832 1222 1890 Hugonis
1260 1832 1436 1875 nuntius
1473 1830 1529 1875 ab
1567 1831 1824 1888 imperatore

506 1890 561 1931 sit
587 1889 766 1931 mirifice
796 1896 1031 1954 susceptus.

504 1945 573 1986 De
602 1944 721 1987 leone
749 1945 1010 1987 ferocismmo
1041 1959 1169 2009 quem
1197 1944 1412 1987 Romanos
1441 1941 1664 1987 interfecit.

506 1999 698 2054 Qualiter
739 2001 952 2043 Romanos
994 2015 1132 2058 pr1mo
1176 1999 1418 2057 delongaris
1460 2006 1503 2043 et
1549 1995 1827 2056 postmodum

537 2064 627 2098 ater
653 2056 847 2099 vasilleos
877 2058 930 2099 sit
960 2057 1227 2099 constitutus.

543 2127 640 2155 ocas
683 2113 942 2155 domesticus
990 2127 1089 2154 cum
1138 2112 1336 2155 Simeone
1375 2109 1676 2168 Bulgariorum
1722 2118 1838 2167 rege'

506 2183 702 2265 {ug-nans
730 2175 879 2266 sgonte
907 2168 1044 2225 fugiit,
1074 2183 1173 2210 cum
1192 2168 1417 2211 Romanon
1444 2173 1609 2224 patrem
1627 2164 1774 2209 vasille

524 2232 668 2266 actum
697 2239 751 2266 au
783 2225 828 2267 it.

509 2279 700 2332 Qualiter
735 2281 872 2322 Foczis
912 2279 1325 2337 Constantinopolim
1364 2279 1539 2323 veniens
1574 2292 1601 2320 a
1627 2278 1822 2322 Romano

509 2336 685 2391 capitur,
715 2343 756 2378 et
784 2336 944 2377 lumine
973 2336 1179 2392 privatur.

507 2390 575 2433 De
605 2391 802 2434 Simeone
831 2390 1129 2447 Bulgariorum
1167 2407 1281 2448 rege,
1326 2392 1399 2449 qui
1434 2391 1553 2449 prius
1586 2387 1771 2433 monach

509 2454 552 2488 et
579 2447 850 2503 postmodum
877 2447 1027 2489 reusbl
1058 2455 1122 2490 est
1149 2447 1300 2491 factus.

507 2501 576 2566 De
615 2503 806 2545 Romano
845 2503 918 2567 qui
956 2502 1086 2545 filiam
1125 2518 1245 2546 suam
1286 2502 1497 2546 Helenam
1541 2501 1820 2546 Constantino

508 2559 752 2614 imperatori
782 2573 1006 2615 coniugem
1035 2559 1166 2601 dedit.

509 2732 701 2780 peratore
729 2726 958 2782 imperator
987 2727 1041 2768 sit
1068 2726 1220 2769 factus.
