<?xml version="1.0" encoding="UTF-8"?>
<!DOCTYPE html PUBLIC "-//W3C//DTD XHTML 1.0 Transitional//EN"
    "http://www.w3.org/TR/xhtml1/DTD/xhtml1-transitional.dtd">
<html xmlns="http://www.w3.org/1999/xhtml" xml:lang="en" lang="en">
 <head>
  <title>
</title>
<meta http-equiv="Content-Type" content="text/html;charset=utf-8" />
  <meta name='ocr-system' content='tesseract 3.04.00' />
  <meta name='ocr-capabilities' content='ocr_page ocr_carea ocr_par ocr_line ocrx_word'/>
</head>
<body>
  <div class='ocr_page' id='page_1' title='image "./liudprandiepisco00liuduoft_0106.png"; bbox 0 0 1838 3210; ppageno 0'>
   <div class='ocr_carea' id='block_1_1' title="bbox 332 230 1642 271">
    <p class='ocr_par' dir='ltr' id='par_1_1' title="bbox 332 230 1642 271">
     <span class='ocr_line' id='line_1_1' title="bbox 332 230 1642 271; baseline -0.005 0"><span class='ocrx_word' id='word_1_1' title='bbox 332 239 378 271; x_wconf 77' lang='lat'><strong>84</strong></span> <span class='ocrx_word' id='word_1_2' title='bbox 520 234 823 270; x_wconf 76' lang='lat' dir='ltr'>LIUDPRANDI</span> <span class='ocrx_word' id='word_1_3' title='bbox 849 230 1196 267; x_wconf 69' lang='lat' dir='ltr'>ANTAPODOSIS.</span> <span class='ocrx_word' id='word_1_4' title='bbox 1248 231 1344 265; x_wconf 89' lang='lat' dir='ltr'><strong>LlB.</strong></span> <span class='ocrx_word' id='word_1_5' title='bbox 1371 230 1434 263; x_wconf 80' lang='lat' dir='ltr'><strong>lv.</strong></span> <span class='ocrx_word' id='word_1_6' title='bbox 1490 230 1642 264; x_wconf 69' lang='lat'><em>10--12</em></span> 
     </span>
    </p>
   </div>
   <div class='ocr_carea' id='block_1_2' title="bbox 333 341 1820 961">
    <p class='ocr_par' dir='ltr' id='par_1_2' title="bbox 333 341 1820 961">
     <span class='ocr_line' id='line_1_2' title="bbox 333 341 1797 400; baseline -0.006 -8"><span class='ocrx_word' id='word_1_7' title='bbox 333 350 463 392; x_wconf 87' lang='lat' dir='ltr'><strong>nimio</strong></span> <span class='ocrx_word' id='word_1_8' title='bbox 493 356 592 390; x_wconf 87' lang='lat' dir='ltr'><strong>sunt</strong></span> <span class='ocrx_word' id='word_1_9' title='bbox 621 361 767 388; x_wconf 87' lang='lat' dir='ltr'><strong>omnes</strong></span> <span class='ocrx_word' id='word_1_10' title='bbox 795 344 1002 387; x_wconf 83' lang='lat' dir='ltr'><strong>cachinno</strong></span> <span class='ocrx_word' id='word_1_11' title='bbox 1033 343 1246 397; x_wconf 87' lang='lat' dir='ltr'><strong>commoti,</strong></span> <span class='ocrx_word' id='word_1_12' title='bbox 1284 349 1514 400; x_wconf 82' lang='lat' dir='ltr'><strong>tantusque</strong></span> <span class='ocrx_word' id='word_1_13' title='bbox 1551 341 1597 384; x_wconf 88' lang='lat' dir='ltr'><strong>in</strong></span> <span class='ocrx_word' id='word_1_14' title='bbox 1624 354 1721 384; x_wconf 73' lang='lat' dir='ltr'><strong>eam</strong></span> <span class='ocrx_word' id='word_1_15' title='bbox 1762 360 1797 378; x_wconf 75' lang='grc' dir='ltr'><strong>ο·</strong></span> 
     </span>
     <span class='ocr_line' id='line_1_3' title="bbox 333 396 1795 463; baseline -0.005 -16"><span class='ocrx_word' id='word_1_16' title='bbox 333 404 423 463; x_wconf 89' lang='lat' dir='ltr'><strong>puli</strong></span> <span class='ocrx_word' id='word_1_17' title='bbox 458 404 577 446; x_wconf 83' lang='lat' dir='ltr'><strong>favor</strong></span> <span class='ocrx_word' id='word_1_18' title='bbox 611 402 839 454; x_wconf 63' lang='lat' dir='ltr'><strong>exerevitfl,</strong></span> <span class='ocrx_word' id='word_1_19' title='bbox 879 407 926 442; x_wconf 88' lang='lat' dir='ltr'><strong>ut</strong></span> <span class='ocrx_word' id='word_1_20' title='bbox 963 414 1048 440; x_wconf 88' lang='lat' dir='ltr'><strong>non</strong></span> <span class='ocrx_word' id='word_1_21' title='bbox 1078 397 1214 441; x_wconf 82' lang='lat' dir='ltr'><strong>solum</strong></span> <span class='ocrx_word' id='word_1_22' title='bbox 1255 399 1394 441; x_wconf 81' lang='lat' dir='ltr'><strong>virum</strong></span> <span class='ocrx_word' id='word_1_23' title='bbox 1431 412 1558 441; x_wconf 81' lang='lat' dir='ltr'><strong>suum</strong></span> <span class='ocrx_word' id='word_1_24' title='bbox 1591 396 1639 440; x_wconf 85' lang='lat' dir='ltr'><strong>in</strong></span> <span class='ocrx_word' id='word_1_25' title='bbox 1664 419 1699 449; x_wconf 78' lang='grc'><strong>-;</strong></span> <span class='ocrx_word' id='word_1_26' title='bbox 1744 417 1750 433; x_wconf 87' lang='lat'><strong>·</strong></span> <span class='ocrx_word' id='word_1_27' title='bbox 1790 418 1795 434; x_wconf 77' lang='grc' dir='ltr'>ι</span> 
     </span>
     <span class='ocr_line' id='line_1_4' title="bbox 334 451 1812 514; baseline -0.005 -10"><span class='ocrx_word' id='word_1_28' title='bbox 334 460 408 504; x_wconf 87' lang='lat' dir='ltr'><strong>sed</strong></span> <span class='ocrx_word' id='word_1_29' title='bbox 453 467 494 503; x_wconf 88' lang='lat' dir='ltr'><strong>ct</strong></span> <span class='ocrx_word' id='word_1_30' title='bbox 537 464 686 501; x_wconf 73' lang='lat' dir='ltr'><strong>cuneta</strong></span> <span class='ocrx_word' id='word_1_31' title='bbox 733 471 840 514; x_wconf 82' lang='lat' dir='ltr'><strong>quae</strong></span> <span class='ocrx_word' id='word_1_32' title='bbox 877 456 958 498; x_wconf 86' lang='lat' dir='ltr'><strong>sibi</strong></span> <span class='ocrx_word' id='word_1_33' title='bbox 996 453 1137 496; x_wconf 77' lang='lat' dir='ltr'><strong>ablata</strong></span> <span class='ocrx_word' id='word_1_34' title='bbox 1172 454 1341 497; x_wconf 85' lang='lat' dir='ltr'><strong>fuerant</strong></span> <span class='ocrx_word' id='word_1_35' title='bbox 1376 451 1589 508; x_wconf 75' lang='lat' dir='ltr'><strong>animalia,</strong></span> <span class='ocrx_word' id='word_1_36' title='bbox 1630 452 1741 496; x_wconf 83' lang='lat' dir='ltr'><strong>reci·</strong></span> <span class='ocrx_word' id='word_1_37' title='bbox 1761 473 1774 490; x_wconf 64' lang='grc' dir='ltr'><em>ι</em></span> <span class='ocrx_word' id='word_1_38' title='bbox 1808 485 1812 489; x_wconf 76' lang='lat'><em>-</em></span> 
     </span>
     <span class='ocr_line' id='line_1_5' title="bbox 333 508 1820 568; baseline -0.005 -9"><span class='ocrx_word' id='word_1_39' title='bbox 333 523 576 559; x_wconf 84' lang='lat' dir='ltr'><strong>mereretur.</strong></span> <span class='ocrx_word' id='word_1_40' title='bbox 635 513 754 566; x_wconf 80' lang='lat' dir='ltr'><strong>Quae</strong></span> <span class='ocrx_word' id='word_1_41' title='bbox 783 527 882 555; x_wconf 88' lang='lat' dir='ltr'><strong>cum</strong></span> <span class='ocrx_word' id='word_1_42' title='bbox 912 511 978 553; x_wconf 86' lang='lat' dir='ltr'><strong>his</strong></span> <span class='ocrx_word' id='word_1_43' title='bbox 1005 510 1190 568; x_wconf 84' lang='lat' dir='ltr'><strong>receptis</strong></span> <span class='ocrx_word' id='word_1_44' title='bbox 1220 508 1368 564; x_wconf 85' lang='lat' dir='ltr'><strong>abiret,</strong></span> <span class='ocrx_word' id='word_1_45' title='bbox 1397 509 1561 554; x_wconf 84' lang='lat' dir='ltr'><strong>directo</strong></span> <span class='ocrx_word' id='word_1_46' title='bbox 1578 508 1717 553; x_wconf 73' lang='lat' dir='ltr'><strong>&#39;red</strong></span> <span class='ocrx_word' id='word_1_47' title='bbox 1755 530 1762 546; x_wconf 86' lang='lat'><strong>·</strong></span> <span class='ocrx_word' id='word_1_48' title='bbox 1786 511 1820 560; x_wconf 61' lang='grc' dir='ltr'><strong>ιι]</strong></span> 
     </span>
     <span class='ocr_line' id='line_1_6' title="bbox 334 564 1739 630; baseline -0.005 -15"><span class='ocrx_word' id='word_1_49' title='bbox 334 580 431 630; x_wconf 87' lang='lat' dir='ltr'><strong>post</strong></span> <span class='ocrx_word' id='word_1_50' title='bbox 459 586 552 614; x_wconf 81' lang='lat' dir='ltr'><strong>eam</strong></span> <span class='ocrx_word' id='word_1_51' title='bbox 582 584 727 626; x_wconf 87' lang='lat' dir='ltr'><strong>puero,</strong></span> <span class='ocrx_word' id='word_1_52' title='bbox 758 567 1045 623; x_wconf 83' lang='lat' dir='ltr'><strong>interrogavit,</strong></span> <span class='ocrx_word' id='word_1_53' title='bbox 1082 566 1186 623; x_wconf 87' lang='lat' dir='ltr'><strong>quid</strong></span> <span class='ocrx_word' id='word_1_54' title='bbox 1221 566 1315 609; x_wconf 90' lang='lat' dir='ltr'><strong>viro</strong></span> <span class='ocrx_word' id='word_1_55' title='bbox 1350 580 1428 609; x_wconf 87' lang='lat' dir='ltr'><strong>suo</strong></span> <span class='ocrx_word' id='word_1_56' title='bbox 1467 564 1666 620; x_wconf 71' lang='lat' dir='ltr'><strong>auferret,</strong></span> <span class='ocrx_word' id='word_1_57' title='bbox 1702 565 1739 608; x_wconf 79' lang='lat' dir='ltr'><strong>si</strong></span> 
     </span>
     <span class='ocr_line' id='line_1_7' title="bbox 335 618 1819 694; baseline -0.008 -23"><span class='ocrx_word' id='word_1_58' title='bbox 335 642 524 694; x_wconf 74' lang='lat' dir='ltr'><strong>pugnam</strong></span> <span class='ocrx_word' id='word_1_59' title='bbox 553 641 619 667; x_wconf 88' lang='lat' dir='ltr'><strong>am</strong></span> <span class='ocrx_word' id='word_1_60' title='bbox 655 624 734 666; x_wconf 88' lang='lat' dir='ltr'><strong>lius</strong></span> <span class='ocrx_word' id='word_1_61' title='bbox 764 630 911 666; x_wconf 84' lang='lat' dir='ltr'><strong>contra</strong></span> <span class='ocrx_word' id='word_1_62' title='bbox 941 637 985 665; x_wconf 89' lang='lat' dir='ltr'><strong>sc</strong></span> <span class='ocrx_word' id='word_1_63' title='bbox 1015 621 1068 664; x_wconf 86' lang='lat' dir='ltr'><strong>de</strong></span> <span class='ocrx_word' id='word_1_64' title='bbox 1098 621 1301 665; x_wconf 73' lang='lat' dir='ltr'><strong>castelloc</strong></span> <span class='ocrx_word' id='word_1_65' title='bbox 1339 620 1508 665; x_wconf 74' lang='lat' dir='ltr'><strong>exiret?</strong></span> <span class='ocrx_word' id='word_1_66' title='bbox 1554 618 1724 676; x_wconf 85' lang='lat' dir='ltr'><strong>‘Oculi’,</strong></span> <span class='ocrx_word' id='word_1_67' title='bbox 1790 644 1819 672; x_wconf 52' lang='lat'><strong>.„</strong></span> 
     </span>
     <span class='ocr_line' id='line_1_8' title="bbox 335 676 1801 740; baseline -0.003 -15"><span class='ocrx_word' id='word_1_68' title='bbox 335 691 439 740; x_wconf 77' lang='lat' dir='ltr'><strong>quit,</strong></span> <span class='ocrx_word' id='word_1_69' title='bbox 469 687 579 725; x_wconf 85' lang='lat' dir='ltr'><strong>‘sunt</strong></span> <span class='ocrx_word' id='word_1_70' title='bbox 607 680 679 733; x_wconf 91' lang='lat' dir='ltr'><strong>ili,</strong></span> <span class='ocrx_word' id='word_1_71' title='bbox 710 694 845 733; x_wconf 82' lang='lat' dir='ltr'><strong>nares,</strong></span> <span class='ocrx_word' id='word_1_72' title='bbox 875 693 1038 732; x_wconf 86' lang='lat' dir='ltr'><strong>manus,</strong></span> <span class='ocrx_word' id='word_1_73' title='bbox 1076 686 1118 721; x_wconf 88' lang='lat' dir='ltr'><strong>et</strong></span> <span class='ocrx_word' id='word_1_74' title='bbox 1145 677 1291 735; x_wconf 86' lang='lat' dir='ltr'><strong>pedes.</strong></span> <span class='ocrx_word' id='word_1_75' title='bbox 1358 677 1405 721; x_wconf 87' lang='lat' dir='ltr'><strong>Si</strong></span> <span class='ocrx_word' id='word_1_76' title='bbox 1444 677 1526 721; x_wconf 87' lang='lat' dir='ltr'><strong>hoc</strong></span> <span class='ocrx_word' id='word_1_77' title='bbox 1561 676 1710 736; x_wconf 81' lang='lat' dir='ltr'><strong>egerit,</strong></span> <span class='ocrx_word' id='word_1_78' title='bbox 1745 691 1801 720; x_wconf 75' lang='lat' dir='ltr'><strong>si·</strong></span> 
     </span>
     <span class='ocr_line' id='line_1_9' title="bbox 336 731 1805 792; baseline -0.003 -11"><span class='ocrx_word' id='word_1_79' title='bbox 336 753 444 781; x_wconf 79' lang='lat' dir='ltr'><strong>tuae</strong></span> <span class='ocrx_word' id='word_1_80' title='bbox 475 752 551 780; x_wconf 85' lang='lat' dir='ltr'><strong>sua</strong></span> <span class='ocrx_word' id='word_1_81' title='bbox 581 744 679 779; x_wconf 83' lang='lat' dir='ltr'><strong>sunt</strong></span> <span class='ocrx_word' id='word_1_82' title='bbox 714 736 896 788; x_wconf 78' lang='lat' dir='ltr'><strong>auferat3</strong></span> <span class='ocrx_word' id='word_1_83' title='bbox 947 748 1057 792; x_wconf 87' lang='lat' dir='ltr'><strong>quae</strong></span> <span class='ocrx_word' id='word_1_84' title='bbox 1095 749 1203 788; x_wconf 84' lang='lat' dir='ltr'><strong>mea,</strong></span> <span class='ocrx_word' id='word_1_85' title='bbox 1249 748 1351 777; x_wconf 84' lang='lat' dir='ltr'><strong>suae</strong></span> <span class='ocrx_word' id='word_1_86' title='bbox 1389 732 1553 777; x_wconf 87' lang='lat' dir='ltr'><strong>scilicet</strong></span> <span class='ocrx_word' id='word_1_87' title='bbox 1586 731 1734 777; x_wconf 79' lang='lat' dir='ltr'><strong>ancill·</strong></span> <span class='ocrx_word' id='word_1_88' title='bbox 1771 754 1805 770; x_wconf 75' lang='lat'><strong>2·-</strong></span> 
     </span>
     <span class='ocr_line' id='line_1_10' title="bbox 335 757 1809 850; baseline -0.003 -13"><span class='ocrx_word' id='word_1_89' title='bbox 335 757 624 850; x_wconf 78' lang='lat' dir='ltr'><strong>derelinquat&#39;.</strong></span> <span class='ocrx_word' id='word_1_90' title='bbox 682 791 843 834; x_wconf 83' lang='lat' dir='ltr'><strong>Verum</strong></span> <span class='ocrx_word' id='word_1_91' title='bbox 875 791 975 848; x_wconf 86' lang='lat' dir='ltr'><strong>quia</strong></span> <span class='ocrx_word' id='word_1_92' title='bbox 1010 790 1199 833; x_wconf 87' lang='lat' dir='ltr'><strong>favorem</strong></span> <span class='ocrx_word' id='word_1_93' title='bbox 1239 789 1386 847; x_wconf 90' lang='lat' dir='ltr'><strong>populi</strong></span> <span class='ocrx_word' id='word_1_94' title='bbox 1450 790 1562 832; x_wconf 70' lang='lat' dir='ltr'><strong>rima</strong></span> <span class='ocrx_word' id='word_1_95' title='bbox 1594 788 1678 833; x_wconf 78' lang='lat' dir='ltr'><strong>sibi</strong></span> <span class='ocrx_word' id='word_1_96' title='bbox 1711 788 1776 832; x_wconf 82' lang='grc'><strong>10</strong></span> <span class='ocrx_word' id='word_1_97' title='bbox 1808 822 1809 825; x_wconf 24' lang='lat'>¹</span> 
     </span>
     <span class='ocr_line' id='line_1_11' title="bbox 334 844 1813 906; baseline -0.003 -13"><span class='ocrx_word' id='word_1_98' title='bbox 334 852 447 893; x_wconf 85' lang='lat' dir='ltr'><strong>tione</strong></span> <span class='ocrx_word' id='word_1_99' title='bbox 476 864 552 906; x_wconf 88' lang='lat' dir='ltr'><strong>per</strong></span> <span class='ocrx_word' id='word_1_100' title='bbox 581 849 711 890; x_wconf 86' lang='lat' dir='ltr'><strong>risum</strong></span> <span class='ocrx_word' id='word_1_101' title='bbox 740 854 781 890; x_wconf 90' lang='lat' dir='ltr'><strong>et</strong></span> <span class='ocrx_word' id='word_1_102' title='bbox 810 847 949 889; x_wconf 87' lang='lat' dir='ltr'><strong>mariti</strong></span> <span class='ocrx_word' id='word_1_103' title='bbox 979 845 1139 888; x_wconf 88' lang='lat' dir='ltr'><strong>donum</strong></span> <span class='ocrx_word' id='word_1_104' title='bbox 1169 845 1318 889; x_wconf 82' lang='lat' dir='ltr'>adesse</span> <span class='ocrx_word' id='word_1_105' title='bbox 1338 847 1424 889; x_wconf 89' lang='lat' dir='ltr'><strong>inte</strong></span> <span class='ocrx_word' id='word_1_106' title='bbox 1455 845 1556 900; x_wconf 79' lang='lat' dir='ltr'><strong>exit,</strong></span> <span class='ocrx_word' id='word_1_107' title='bbox 1583 844 1694 889; x_wconf 74' lang='lat' dir='ltr'><strong>hane</strong></span> <span class='ocrx_word' id='word_1_108' title='bbox 1712 858 1783 904; x_wconf 83' lang='lat' dir='ltr'><strong>po</strong></span> <span class='ocrx_word' id='word_1_109' title='bbox 1806 866 1813 905; x_wconf 60' lang='lat' dir='ltr'><strong><em>j</em></strong></span> 
     </span>
     <span class='ocr_line' id='line_1_12' title="bbox 336 902 1387 961; baseline -0.004 -13"><span class='ocrx_word' id='word_1_110' title='bbox 336 905 510 948; x_wconf 89' lang='lat' dir='ltr'><strong>modum</strong></span> <span class='ocrx_word' id='word_1_111' title='bbox 539 919 617 961; x_wconf 89' lang='lat' dir='ltr'><strong>per</strong></span> <span class='ocrx_word' id='word_1_112' title='bbox 646 903 853 946; x_wconf 90' lang='lat' dir='ltr'><strong>directum</strong></span> <span class='ocrx_word' id='word_1_113' title='bbox 883 903 1078 944; x_wconf 90' lang='lat' dir='ltr'><strong>nuntium</strong></span> <span class='ocrx_word' id='word_1_114' title='bbox 1110 902 1387 945; x_wconf 81' lang='lat' dir='ltr'><strong>remandavit.</strong></span> 
     </span>
    </p>
   </div>
   <div class='ocr_carea' id='block_1_3' title="bbox 179 969 1837 2605">
    <p class='ocr_par' dir='ltr' id='par_1_3' title="bbox 179 959 1837 1700">
     <span class='ocr_line' id='line_1_13' title="bbox 179 969 1768 1037; baseline -0.001 -20"><span class='ocrx_word' id='word_1_115' title='bbox 179 989 245 1017; x_wconf 77' lang='lat'><strong>986.</strong></span> <span class='ocrx_word' id='word_1_116' title='bbox 267 988 321 1023; x_wconf 81' lang='lat'><strong>(5.)</strong></span> <span class='ocrx_word' id='word_1_117' title='bbox 451 975 516 1015; x_wconf 92' lang='lat'><strong>11.</strong></span> <span class='ocrx_word' id='word_1_118' title='bbox 573 972 656 1014; x_wconf 90' lang='lat' dir='ltr'><strong>Per</strong></span> <span class='ocrx_word' id='word_1_119' title='bbox 684 971 728 1013; x_wconf 83' lang='lat' dir='ltr'><strong>id</strong></span> <span class='ocrx_word' id='word_1_120' title='bbox 763 978 931 1028; x_wconf 88' lang='lat' dir='ltr'><strong>tempus</strong></span> <span class='ocrx_word' id='word_1_121' title='bbox 970 971 1084 1037; x_wconf 80' lang='lat' dir='ltr'><strong>regis</strong></span> <span class='ocrx_word' id='word_1_122' title='bbox 1123 970 1322 1026; x_wconf 86' lang='lat' dir='ltr'><strong>Hugonis</strong></span> <span class='ocrx_word' id='word_1_123' title='bbox 1357 969 1488 1014; x_wconf 84' lang='lat' dir='ltr'><strong>frater</strong></span> <span class='ocrx_word' id='word_1_124' title='bbox 1524 969 1652 1024; x_wconf 82' lang='lat' dir='ltr'><strong>Boso,</strong></span> <span class='ocrx_word' id='word_1_125' title='bbox 1695 969 1768 1015; x_wconf 83' lang='lat' dir='ltr'><strong>W&#39;</strong></span> 
     </span>
     <span class='ocr_line' id='line_1_14' title="bbox 335 1025 1791 1084; baseline -0.003 -12"><span class='ocrx_word' id='word_1_126' title='bbox 335 1043 468 1072; x_wconf 86' lang='lat' dir='ltr'><strong>uxore</strong></span> <span class='ocrx_word' id='word_1_127' title='bbox 507 1042 586 1070; x_wconf 90' lang='lat' dir='ltr'><strong>sua</strong></span> <span class='ocrx_word' id='word_1_128' title='bbox 629 1026 933 1083; x_wconf 70' lang='lat' dir='ltr'><strong>cupidissimae</strong></span> <span class='ocrx_word' id='word_1_129' title='bbox 979 1025 1233 1082; x_wconf 77' lang='lat' dir='ltr'><strong>stimulante,</strong></span> <span class='ocrx_word' id='word_1_130' title='bbox 1277 1026 1483 1070; x_wconf 85' lang='lat' dir='ltr'><strong>adversus</strong></span> <span class='ocrx_word' id='word_1_131' title='bbox 1525 1040 1673 1084; x_wconf 85' lang='lat' dir='ltr'><strong>regem</strong></span> <span class='ocrx_word' id='word_1_132' title='bbox 1715 1039 1791 1069; x_wconf 88' lang='lat' dir='ltr'><strong>no</strong></span> 
     </span>
     <span class='ocr_line' id='line_1_15' title="bbox 337 1081 1811 1143; baseline -0.002 -16"><span class='ocrx_word' id='word_1_133' title='bbox 337 1083 547 1143; x_wconf 85' lang='lat' dir='ltr'><strong>quaedam</strong></span> <span class='ocrx_word' id='word_1_134' title='bbox 584 1089 626 1125; x_wconf 89' lang='lat' dir='ltr'><strong>et</strong></span> <span class='ocrx_word' id='word_1_135' title='bbox 695 1097 863 1125; x_wconf 85' lang='lat' dir='ltr'><strong>erversa</strong></span> <span class='ocrx_word' id='word_1_136' title='bbox 903 1081 1073 1126; x_wconf 88' lang='lat' dir='ltr'><strong>molitus</strong></span> <span class='ocrx_word' id='word_1_137' title='bbox 1112 1090 1176 1125; x_wconf 87' lang='lat' dir='ltr'><strong>est</strong></span> <span class='ocrx_word' id='word_1_138' title='bbox 1276 1097 1359 1126; x_wconf 88' lang='lat' dir='ltr'><strong>ere.</strong></span> <span class='ocrx_word' id='word_1_139' title='bbox 1432 1081 1563 1137; x_wconf 78' lang='lat' dir='ltr'><strong>Quod</strong></span> <span class='ocrx_word' id='word_1_140' title='bbox 1598 1081 1811 1140; x_wconf 49' lang='lat' dir='ltr'><strong>Rugum-2</strong></span> 
     </span>
     <span class='ocr_line' id='line_1_16' title="bbox 333 1138 1783 1196; baseline -0.001 -13"><span class='ocrx_word' id='word_1_141' title='bbox 333 1155 420 1183; x_wconf 90' lang='lat' dir='ltr'><strong>non</strong></span> <span class='ocrx_word' id='word_1_142' title='bbox 449 1139 583 1182; x_wconf 81' lang='lat' dir='ltr'><strong>latuit.</strong></span> <span class='ocrx_word' id='word_1_143' title='bbox 685 1153 740 1180; x_wconf 88' lang='lat' dir='ltr'><strong>ua</strong></span> <span class='ocrx_word' id='word_1_144' title='bbox 769 1153 825 1180; x_wconf 85' lang='lat' dir='ltr'><strong>ex</strong></span> <span class='ocrx_word' id='word_1_145' title='bbox 853 1154 899 1182; x_wconf 91' lang='lat' dir='ltr'><strong>re</strong></span> <span class='ocrx_word' id='word_1_146' title='bbox 929 1146 1092 1196; x_wconf 83' lang='lat' dir='ltr'><strong>captus,</strong></span> <span class='ocrx_word' id='word_1_147' title='bbox 1130 1146 1249 1182; x_wconf 89' lang='lat' dir='ltr'><strong>custo</strong></span> <span class='ocrx_word' id='word_1_148' title='bbox 1282 1139 1348 1182; x_wconf 86' lang='lat' dir='ltr'><strong>iae</strong></span> <span class='ocrx_word' id='word_1_149' title='bbox 1377 1143 1443 1182; x_wconf 82' lang='lat' dir='ltr'><strong>est</strong></span> <span class='ocrx_word' id='word_1_150' title='bbox 1469 1138 1673 1182; x_wconf 81' lang='lat' dir='ltr'><strong>continuo</strong></span> <span class='ocrx_word' id='word_1_151' title='bbox 1712 1159 1722 1171; x_wconf 90' lang='lat'>-</span> <span class='ocrx_word' id='word_1_152' title='bbox 1739 1146 1742 1150; x_wconf 71' lang='grc'><strong>“</strong></span> <span class='ocrx_word' id='word_1_153' title='bbox 1775 1157 1783 1174; x_wconf 88' lang='lat'><strong>·</strong></span> 
     </span>
     <span class='ocr_line' id='line_1_17' title="bbox 334 1193 1800 1251; baseline -0.001 -12"><span class='ocrx_word' id='word_1_154' title='bbox 334 1203 442 1239; x_wconf 80' lang='lat' dir='ltr'><strong>tus1.</strong></span> <span class='ocrx_word' id='word_1_155' title='bbox 502 1194 644 1238; x_wconf 82' lang='lat' dir='ltr'>Causa</span> <span class='ocrx_word' id='word_1_156' title='bbox 673 1193 856 1251; x_wconf 88' lang='lat' dir='ltr'><strong>denique</strong></span> <span class='ocrx_word' id='word_1_157' title='bbox 886 1194 1132 1238; x_wconf 86' lang='lat' dir='ltr'><strong>deiectionis</strong></span> <span class='ocrx_word' id='word_1_158' title='bbox 1162 1196 1254 1238; x_wconf 88' lang='lat' dir='ltr'><strong>eius</strong></span> <span class='ocrx_word' id='word_1_159' title='bbox 1282 1195 1388 1238; x_wconf 84' lang='lat' dir='ltr'><strong>haec</strong></span> <span class='ocrx_word' id='word_1_160' title='bbox 1415 1194 1509 1238; x_wconf 78' lang='lat' dir='ltr'><strong>fuit.</strong></span> <span class='ocrx_word' id='word_1_161' title='bbox 1565 1193 1685 1237; x_wconf 89' lang='lat' dir='ltr'><strong>Dum</strong></span> <span class='ocrx_word' id='word_1_162' title='bbox 1751 1214 1755 1231; x_wconf 76' lang='grc' dir='ltr'><em>ι</em></span> <span class='ocrx_word' id='word_1_163' title='bbox 1780 1214 1800 1231; x_wconf 76' lang='grc' dir='ltr'><strong>ι·</strong></span> 
     </span>
     <span class='ocr_line' id='line_1_18' title="bbox 335 1248 1837 1309; baseline -0.001 -14"><span class='ocrx_word' id='word_1_164' title='bbox 335 1253 469 1306; x_wconf 87' lang='lat' dir='ltr'><strong>berto,</strong></span> <span class='ocrx_word' id='word_1_165' title='bbox 520 1265 646 1307; x_wconf 89' lang='lat' dir='ltr'><strong>quem</strong></span> <span class='ocrx_word' id='word_1_166' title='bbox 690 1265 821 1307; x_wconf 85' lang='lat' dir='ltr'><strong>supra</strong></span> <span class='ocrx_word' id='word_1_167' title='bbox 861 1251 1203 1305; x_wconf 84' lang='lat' dir='ltr'><strong>memoravimus,</strong></span> <span class='ocrx_word' id='word_1_168' title='bbox 1251 1249 1412 1295; x_wconf 87' lang='lat' dir='ltr'><strong>lumine</strong></span> <span class='ocrx_word' id='word_1_169' title='bbox 1459 1251 1644 1309; x_wconf 74' lang='lat' dir='ltr'><strong>privato,</strong></span> <span class='ocrx_word' id='word_1_170' title='bbox 1690 1248 1801 1293; x_wconf 49' lang='lat' dir='ltr'><strong>mdia</strong></span> <span class='ocrx_word' id='word_1_171' title='bbox 1833 1297 1837 1306; x_wconf 51' lang='grc'>,</span> 
     </span>
     <span class='ocr_line' id='line_1_19' title="bbox 335 1305 1837 1365; baseline 0.001 -15"><span class='ocrx_word' id='word_1_172' title='bbox 335 1308 449 1350; x_wconf 86' lang='lat' dir='ltr'><strong>Boso</strong></span> <span class='ocrx_word' id='word_1_173' title='bbox 478 1320 665 1348; x_wconf 83' lang='lat' dir='ltr'><strong>marcam</strong></span> <span class='ocrx_word' id='word_1_174' title='bbox 703 1306 885 1349; x_wconf 80' lang='lat' dir='ltr'><strong>Tusciae</strong></span> <span class='ocrx_word' id='word_1_175' title='bbox 922 1306 1144 1361; x_wconf 88' lang='lat' dir='ltr'><strong>obtineret,</strong></span> <span class='ocrx_word' id='word_1_176' title='bbox 1184 1307 1344 1350; x_wconf 86' lang='lat' dir='ltr'><strong>coniux</strong></span> <span class='ocrx_word' id='word_1_177' title='bbox 1382 1321 1461 1350; x_wconf 79' lang='lat' dir='ltr'><strong>sua</strong></span> <span class='ocrx_word' id='word_1_178' title='bbox 1493 1305 1627 1351; x_wconf 77' lang='lat' dir='ltr'><strong>Wffla</strong></span> <span class='ocrx_word' id='word_1_179' title='bbox 1658 1305 1748 1365; x_wconf 82' lang='lat' dir='ltr'><strong>phy</strong></span> <span class='ocrx_word' id='word_1_180' title='bbox 1774 1338 1778 1342; x_wconf 89' lang='lat'><em>-</em></span> <span class='ocrx_word' id='word_1_181' title='bbox 1809 1308 1837 1342; x_wconf 76' lang='lat'><strong>-¹</strong></span> 
     </span>
     <span class='ocr_line' id='line_1_20' title="bbox 335 1361 1835 1429; baseline 0.001 -24"><span class='ocrx_word' id='word_1_182' title='bbox 335 1364 469 1420; x_wconf 88' lang='lat' dir='ltr'><strong>giriae</strong></span> <span class='ocrx_word' id='word_1_183' title='bbox 499 1377 548 1405; x_wconf 89' lang='lat' dir='ltr'><strong>ce</strong></span> <span class='ocrx_word' id='word_1_184' title='bbox 580 1364 612 1405; x_wconf 89' lang='lat' dir='ltr'><strong>it</strong></span> <span class='ocrx_word' id='word_1_185' title='bbox 639 1376 783 1404; x_wconf 86' lang='lat' dir='ltr'><strong>amore</strong></span> <span class='ocrx_word' id='word_1_186' title='bbox 813 1361 1044 1419; x_wconf 76' lang='lat' dir='ltr'><strong>flagrared;</strong></span> <span class='ocrx_word' id='word_1_187' title='bbox 1074 1363 1182 1406; x_wconf 81' lang='lat' dir='ltr'><strong>adeo</strong></span> <span class='ocrx_word' id='word_1_188' title='bbox 1211 1369 1260 1406; x_wconf 86' lang='lat' dir='ltr'><strong>ut</strong></span> <span class='ocrx_word' id='word_1_189' title='bbox 1287 1363 1418 1407; x_wconf 82' lang='lat' dir='ltr'><strong>totius</strong></span> <span class='ocrx_word' id='word_1_190' title='bbox 1449 1362 1632 1407; x_wconf 72' lang='lat' dir='ltr'><strong>Tusciae</strong></span> <span class='ocrx_word' id='word_1_191' title='bbox 1656 1377 1689 1429; x_wconf 81' lang='lat' dir='ltr'><strong>p</strong></span> <span class='ocrx_word' id='word_1_192' title='bbox 1721 1381 1757 1400; x_wconf 73' lang='grc' dir='ltr'><strong>ι·</strong></span> <span class='ocrx_word' id='word_1_193' title='bbox 1796 1385 1801 1398; x_wconf 84' lang='grc'><em>·</em></span> <span class='ocrx_word' id='word_1_194' title='bbox 1831 1406 1835 1422; x_wconf 57' lang='lat'><em>¹</em></span> 
     </span>
     <span class='ocr_line' id='line_1_21' title="bbox 337 1417 1835 1477; baseline 0 -16"><span class='ocrx_word' id='word_1_195' title='bbox 337 1420 428 1462; x_wconf 88' lang='lat' dir='ltr'><strong>ciae</strong></span> <span class='ocrx_word' id='word_1_196' title='bbox 467 1433 525 1460; x_wconf 91' lang='lat' dir='ltr'><strong>nu</strong></span> <span class='ocrx_word' id='word_1_197' title='bbox 557 1434 582 1460; x_wconf 87' lang='lat' dir='ltr'>a</span> <span class='ocrx_word' id='word_1_198' title='bbox 617 1417 823 1460; x_wconf 85' lang='lat' dir='ltr'><strong>nobilium</strong></span> <span class='ocrx_word' id='word_1_199' title='bbox 862 1427 1152 1461; x_wconf 82' lang='lat' dir='ltr'><strong>matronarum</strong></span> <span class='ocrx_word' id='word_1_200' title='bbox 1194 1419 1410 1477; x_wconf 78' lang='lat' dir='ltr'><strong>quantivis</strong></span> <span class='ocrx_word' id='word_1_201' title='bbox 1448 1433 1495 1463; x_wconf 79' lang='lat' dir='ltr'><strong>se</strong></span> <span class='ocrx_word' id='word_1_202' title='bbox 1533 1419 1670 1477; x_wconf 79' lang='lat' dir='ltr'><strong>precii</strong></span> <span class='ocrx_word' id='word_1_203' title='bbox 1717 1438 1725 1457; x_wconf 75' lang='grc' dir='ltr'><strong><em>ο</em></strong></span> <span class='ocrx_word' id='word_1_204' title='bbox 1768 1427 1805 1456; x_wconf 69' lang='grc' dir='ltr'><strong>ι’·</strong></span> <span class='ocrx_word' id='word_1_205' title='bbox 1832 1428 1835 1444; x_wconf 78' lang='lat'>³</span> 
     </span>
     <span class='ocr_line' id='line_1_22' title="bbox 336 1464 1834 1519; baseline 0.002 -3"><span class='ocrx_word' id='word_1_206' title='bbox 336 1475 488 1518; x_wconf 89' lang='lat' dir='ltr'><strong>mentis</strong></span> <span class='ocrx_word' id='word_1_207' title='bbox 525 1472 751 1516; x_wconf 85' lang='lat' dir='ltr'><strong>excoleret.</strong></span> <span class='ocrx_word' id='word_1_208' title='bbox 819 1474 942 1518; x_wconf 86' lang='lat' dir='ltr'><strong>Haec</strong></span> <span class='ocrx_word' id='word_1_209' title='bbox 979 1490 1078 1517; x_wconf 89' lang='lat' dir='ltr'><strong>cum</strong></span> <span class='ocrx_word' id='word_1_210' title='bbox 1143 1474 1275 1518; x_wconf 89' lang='lat' dir='ltr'><strong>rolem</strong></span> <span class='ocrx_word' id='word_1_211' title='bbox 1314 1490 1401 1518; x_wconf 89' lang='lat' dir='ltr'><strong>non</strong></span> <span class='ocrx_word' id='word_1_212' title='bbox 1438 1475 1615 1519; x_wconf 81' lang='lat' dir='ltr'><strong>haberet</strong></span> <span class='ocrx_word' id='word_1_213' title='bbox 1649 1464 1834 1518; x_wconf 69' lang='lat' dir='ltr'><strong>vmle=⁵</strong></span> 
     </span>
     <span class='ocr_line' id='line_1_23' title="bbox 366 1530 1834 1598; baseline 0.001 -25"><span class='ocrx_word' id='word_1_214' title='bbox 366 1537 540 1574; x_wconf 84' lang='lat' dir='ltr'><strong>uattuor</strong></span> <span class='ocrx_word' id='word_1_215' title='bbox 558 1530 708 1572; x_wconf 86' lang='lat' dir='ltr'><strong>habuit</strong></span> <span class='ocrx_word' id='word_1_216' title='bbox 727 1537 861 1584; x_wconf 81' lang='lat' dir='ltr'><strong>natas,</strong></span> <span class='ocrx_word' id='word_1_217' title='bbox 891 1530 1078 1585; x_wconf 87' lang='lat' dir='ltr'><strong>Bertam,</strong></span> <span class='ocrx_word' id='word_1_218' title='bbox 1170 1531 1299 1587; x_wconf 89' lang='lat' dir='ltr'><strong>illam,</strong></span> <span class='ocrx_word' id='word_1_219' title='bbox 1328 1530 1569 1575; x_wconf 80' lang='lat' dir='ltr'><strong>Richildam</strong></span> <span class='ocrx_word' id='word_1_220' title='bbox 1588 1535 1632 1575; x_wconf 78' lang='lat' dir='ltr'><strong>et</strong></span> <span class='ocrx_word' id='word_1_221' title='bbox 1662 1531 1723 1569; x_wconf 70' lang='lat'><strong>“2</strong></span> <span class='ocrx_word' id='word_1_222' title='bbox 1753 1552 1758 1569; x_wconf 70' lang='lat'><em>2</em></span> <span class='ocrx_word' id='word_1_223' title='bbox 1783 1536 1802 1568; x_wconf 80' lang='lat'><strong>·&#39;=</strong></span> <span class='ocrx_word' id='word_1_224' title='bbox 1828 1537 1834 1598; x_wconf 62' lang='lat' dir='ltr'><strong>j</strong></span> 
     </span>
     <span class='ocr_line' id='line_1_24' title="bbox 335 1547 1833 1652; baseline 0.003 -24"><span class='ocrx_word' id='word_1_225' title='bbox 335 1547 502 1629; x_wconf 46' lang='lat' dir='ltr'><strong>{larum</strong></span> <span class='ocrx_word' id='word_1_226' title='bbox 547 1583 689 1637; x_wconf 85' lang='lat' dir='ltr'><strong>Willa,</strong></span> <span class='ocrx_word' id='word_1_227' title='bbox 733 1586 983 1643; x_wconf 85' lang='lat' dir='ltr'><strong>Berengarii</strong></span> <span class='ocrx_word' id='word_1_228' title='bbox 1027 1587 1166 1642; x_wconf 91' lang='lat' dir='ltr'><strong>huius,</strong></span> <span class='ocrx_word' id='word_1_229' title='bbox 1211 1589 1285 1645; x_wconf 91' lang='lat' dir='ltr'><strong>qui</strong></span> <span class='ocrx_word' id='word_1_230' title='bbox 1329 1602 1443 1631; x_wconf 85' lang='lat' dir='ltr'><strong>nunc</strong></span> <span class='ocrx_word' id='word_1_231' title='bbox 1482 1592 1688 1646; x_wconf 72' lang='lat' dir='ltr'><strong>superest,</strong></span> <span class='ocrx_word' id='word_1_232' title='bbox 1741 1607 1772 1615; x_wconf 75' lang='grc'><strong>’·</strong></span> <span class='ocrx_word' id='word_1_233' title='bbox 1827 1632 1833 1652; x_wconf 45' lang='lat'><em>⁴</em></span> 
     </span>
     <span class='ocr_line' id='line_1_25' title="bbox 336 1641 1831 1700; baseline 0.003 -16"><span class='ocrx_word' id='word_1_234' title='bbox 336 1643 499 1696; x_wconf 83' lang='lat' dir='ltr'><strong>marita,</strong></span> <span class='ocrx_word' id='word_1_235' title='bbox 529 1641 609 1683; x_wconf 86' lang='lat' dir='ltr'><strong>hoc</strong></span> <span class='ocrx_word' id='word_1_236' title='bbox 639 1641 788 1695; x_wconf 85' lang='lat' dir='ltr'><strong>effecit,</strong></span> <span class='ocrx_word' id='word_1_237' title='bbox 827 1657 880 1684; x_wconf 89' lang='lat' dir='ltr'><strong>ne</strong></span> <span class='ocrx_word' id='word_1_238' title='bbox 909 1644 1095 1700; x_wconf 85' lang='lat' dir='ltr'><strong>genitrix</strong></span> <span class='ocrx_word' id='word_1_239' title='bbox 1125 1659 1203 1686; x_wconf 87' lang='lat' dir='ltr'><strong>sua</strong></span> <span class='ocrx_word' id='word_1_240' title='bbox 1243 1644 1434 1687; x_wconf 88' lang='lat' dir='ltr'><strong>omnium</strong></span> <span class='ocrx_word' id='word_1_241' title='bbox 1463 1650 1575 1687; x_wconf 74' lang='lat' dir='ltr'><strong>esset</strong></span> <span class='ocrx_word' id='word_1_242' title='bbox 1601 1641 1722 1687; x_wconf 86' lang='lat' dir='ltr'><strong>muli</strong></span> <span class='ocrx_word' id='word_1_243' title='bbox 1765 1662 1771 1679; x_wconf 90' lang='lat'><strong>·</strong></span> <span class='ocrx_word' id='word_1_244' title='bbox 1829 1686 1831 1690; x_wconf 91' lang='grc'><em>,</em></span> 
     </span>
    </p>

    <p class='ocr_par' dir='ltr' id='par_1_4' title="bbox 336 1694 1831 1757">
     <span class='ocr_line' id='line_1_26' title="bbox 336 1694 1831 1757; baseline 0.001 -17"><span class='ocrx_word' id='word_1_245' title='bbox 336 1698 609 1755; x_wconf 86' lang='lat' dir='ltr'><strong>nequissima.</strong></span> <span class='ocrx_word' id='word_1_246' title='bbox 668 1697 728 1739; x_wconf 89' lang='lat' dir='ltr'><strong>Ut</strong></span> <span class='ocrx_word' id='word_1_247' title='bbox 763 1705 907 1741; x_wconf 84' lang='lat' dir='ltr'><strong>autem</strong></span> <span class='ocrx_word' id='word_1_248' title='bbox 944 1714 1031 1741; x_wconf 89' lang='lat' dir='ltr'><strong>non</strong></span> <span class='ocrx_word' id='word_1_249' title='bbox 1058 1715 1137 1756; x_wconf 91' lang='lat' dir='ltr'><strong>per</strong></span> <span class='ocrx_word' id='word_1_250' title='bbox 1171 1699 1322 1757; x_wconf 89' lang='lat' dir='ltr'><strong>longas</strong></span> <span class='ocrx_word' id='word_1_251' title='bbox 1360 1698 1569 1757; x_wconf 74' lang='lat' dir='ltr'><strong>ambages·</strong></span> <span class='ocrx_word' id='word_1_252' title='bbox 1600 1700 1694 1743; x_wconf 84' lang='lat' dir='ltr'><strong>eius</strong></span> <span class='ocrx_word' id='word_1_253' title='bbox 1740 1720 1745 1737; x_wconf 72' lang='grc' dir='ltr'><strong><em>ι</em></strong></span> <span class='ocrx_word' id='word_1_254' title='bbox 1828 1694 1831 1711; x_wconf 86' lang='lat'>&#39;</span> 
     </span>
    </p>

    <p class='ocr_par' dir='ltr' id='par_1_5' title="bbox 337 1755 1788 1814">
     <span class='ocr_line' id='line_1_27' title="bbox 337 1755 1786 1814; baseline 0.004 -19"><span class='ocrx_word' id='word_1_255' title='bbox 337 1768 560 1811; x_wconf 87' lang='lat' dir='ltr'><strong>ponamus,</strong></span> <span class='ocrx_word' id='word_1_256' title='bbox 596 1767 680 1796; x_wconf 89' lang='lat' dir='ltr'><strong>uno</strong></span> <span class='ocrx_word' id='word_1_257' title='bbox 714 1760 784 1796; x_wconf 89' lang='lat' dir='ltr'><strong>tur</strong></span> <span class='ocrx_word' id='word_1_258' title='bbox 814 1755 960 1798; x_wconf 89' lang='lat' dir='ltr'><strong>issimo</strong></span> <span class='ocrx_word' id='word_1_259' title='bbox 995 1756 1219 1813; x_wconf 84' lang='lat' dir='ltr'><strong>descripto,</strong></span> <span class='ocrx_word' id='word_1_260' title='bbox 1258 1771 1367 1814; x_wconf 84' lang='lat' dir='ltr'><strong>quae</strong></span> <span class='ocrx_word' id='word_1_261' title='bbox 1404 1763 1447 1800; x_wconf 87' lang='lat' dir='ltr'><strong>et</strong></span> <span class='ocrx_word' id='word_1_262' title='bbox 1475 1763 1634 1814; x_wconf 76' lang='lat' dir='ltr'><strong>quanta</strong></span> <span class='ocrx_word' id='word_1_263' title='bbox 1660 1755 1707 1799; x_wconf 89' lang='lat' dir='ltr'><strong>in</strong></span> <span class='ocrx_word' id='word_1_264' title='bbox 1769 1776 1786 1792; x_wconf 72' lang='lat'><strong>2—</strong></span> 
     </span>
    </p>

    <p class='ocr_par' dir='ltr' id='par_1_6' title="bbox 336 1799 1830 1881">
     <span class='ocr_line' id='line_1_28' title="bbox 336 1799 1830 1881; baseline 0.003 -29"><span class='ocrx_word' id='word_1_265' title='bbox 336 1810 437 1852; x_wconf 87' lang='lat' dir='ltr'><strong>teris</strong></span> <span class='ocrx_word' id='word_1_266' title='bbox 465 1809 603 1863; x_wconf 83' lang='lat' dir='ltr'><strong>fuerit,</strong></span> <span class='ocrx_word' id='word_1_267' title='bbox 632 1810 747 1851; x_wconf 86' lang='lat' dir='ltr'><strong>anim</strong></span> <span class='ocrx_word' id='word_1_268' title='bbox 805 1818 970 1854; x_wconf 88' lang='lat' dir='ltr'><strong>vertere</strong></span> <span class='ocrx_word' id='word_1_269' title='bbox 1000 1813 1173 1868; x_wconf 83' lang='lat' dir='ltr'><strong>poteris.</strong></span> <span class='ocrx_word' id='word_1_270' title='bbox 1825 1799 1830 1881; x_wconf 55' lang='grc' dir='ltr'>ξ</span> 
     </span>
    </p>

    <p class='ocr_par' dir='ltr' id='par_1_7' title="bbox 335 1877 1829 2219">
     <span class='ocr_line' id='line_1_29' title="bbox 452 1877 1829 1938; baseline 0.005 -20"><span class='ocrx_word' id='word_1_271' title='bbox 452 1877 516 1918; x_wconf 77' lang='lat'><strong>12.</strong></span> <span class='ocrx_word' id='word_1_272' title='bbox 574 1877 653 1919; x_wconf 89' lang='lat' dir='ltr'><strong>Vir</strong></span> <span class='ocrx_word' id='word_1_273' title='bbox 699 1878 834 1934; x_wconf 88' lang='lat' dir='ltr'><strong>ipsius</strong></span> <span class='ocrx_word' id='word_1_274' title='bbox 881 1879 995 1922; x_wconf 89' lang='lat' dir='ltr'><strong>Boso</strong></span> <span class='ocrx_word' id='word_1_275' title='bbox 1043 1881 1150 1924; x_wconf 89' lang='lat' dir='ltr'><strong>mire</strong></span> <span class='ocrx_word' id='word_1_276' title='bbox 1197 1880 1476 1938; x_wconf 78' lang='lat' dir='ltr'><strong>longitudinis</strong></span> <span class='ocrx_word' id='word_1_277' title='bbox 1513 1887 1558 1925; x_wconf 84' lang='lat' dir='ltr'><strong>et</strong></span> <span class='ocrx_word' id='word_1_278' title='bbox 1591 1879 1792 1924; x_wconf 49' lang='lat' dir='ltr'><strong>laticum</strong></span> <span class='ocrx_word' id='word_1_279' title='bbox 1825 1925 1829 1937; x_wconf 75' lang='grc'><em>,</em></span> 
     </span>
     <span class='ocr_line' id='line_1_30' title="bbox 336 1931 1829 1994; baseline 0.003 -19"><span class='ocrx_word' id='word_1_280' title='bbox 336 1947 511 1975; x_wconf 86' lang='lat' dir='ltr'><strong>aureum</strong></span> <span class='ocrx_word' id='word_1_281' title='bbox 560 1931 766 1976; x_wconf 86' lang='lat' dir='ltr'><strong>habuerat</strong></span> <span class='ocrx_word' id='word_1_282' title='bbox 813 1933 1014 1991; x_wconf 86' lang='lat' dir='ltr'><strong>balteum,</strong></span> <span class='ocrx_word' id='word_1_283' title='bbox 1064 1937 1140 1994; x_wconf 91' lang='lat' dir='ltr'><strong>qui</strong></span> <span class='ocrx_word' id='word_1_284' title='bbox 1187 1936 1415 1980; x_wconf 84' lang='lat' dir='ltr'><strong>multarum</strong></span> <span class='ocrx_word' id='word_1_285' title='bbox 1462 1942 1507 1981; x_wconf 71' lang='lat' dir='ltr'><strong>et</strong></span> <span class='ocrx_word' id='word_1_286' title='bbox 1578 1937 1722 1981; x_wconf 73' lang='lat' dir='ltr'><strong>retio</strong></span> <span class='ocrx_word' id='word_1_287' title='bbox 1766 1955 1773 1973; x_wconf 77' lang='grc' dir='ltr'>ι</span> <span class='ocrx_word' id='word_1_288' title='bbox 1825 1939 1829 1946; x_wconf 81' lang='grc'><em>’</em></span> 
     </span>
     <span class='ocr_line' id='line_1_31' title="bbox 336 1987 1787 2047; baseline 0.005 -18"><span class='ocrx_word' id='word_1_289' title='bbox 336 1987 612 2045; x_wconf 71' lang='lat' dir='ltr'><strong>splendebate</strong></span> <span class='ocrx_word' id='word_1_290' title='bbox 660 1990 794 2032; x_wconf 88' lang='lat' dir='ltr'><strong>nitore</strong></span> <span class='ocrx_word' id='word_1_291' title='bbox 841 2005 1122 2047; x_wconf 86' lang='lat' dir='ltr'><strong>gemmarum.</strong></span> <span class='ocrx_word' id='word_1_292' title='bbox 1198 1992 1349 2047; x_wconf 89' lang='lat' dir='ltr'><strong>Hunc,</strong></span> <span class='ocrx_word' id='word_1_293' title='bbox 1390 2007 1489 2036; x_wconf 88' lang='lat' dir='ltr'><strong>cum</strong></span> <span class='ocrx_word' id='word_1_294' title='bbox 1606 2000 1654 2036; x_wconf 85' lang='lat' dir='ltr'><strong>so</strong></span> <span class='ocrx_word' id='word_1_295' title='bbox 1705 2001 1787 2047; x_wconf 51' lang='lat' dir='ltr'><strong>em}</strong></span> 
     </span>
     <span class='ocr_line' id='line_1_32' title="bbox 335 2043 1827 2106; baseline 0.005 -21"><span class='ocrx_word' id='word_1_296' title='bbox 335 2050 470 2098; x_wconf 89' lang='lat' dir='ltr'><strong>retur,</strong></span> <span class='ocrx_word' id='word_1_297' title='bbox 524 2058 651 2100; x_wconf 89' lang='lat' dir='ltr'><strong>super</strong></span> <span class='ocrx_word' id='word_1_298' title='bbox 701 2060 847 2088; x_wconf 89' lang='lat' dir='ltr'><strong>omnes</strong></span> <span class='ocrx_word' id='word_1_299' title='bbox 893 2062 1021 2104; x_wconf 82' lang='lat' dir='ltr'>gazas</span> <span class='ocrx_word' id='word_1_300' title='bbox 1067 2049 1157 2091; x_wconf 88' lang='lat' dir='ltr'><strong>eius</strong></span> <span class='ocrx_word' id='word_1_301' title='bbox 1203 2048 1428 2106; x_wconf 88' lang='lat' dir='ltr'><strong>diligenter</strong></span> <span class='ocrx_word' id='word_1_302' title='bbox 1473 2058 1552 2093; x_wconf 84' lang='lat' dir='ltr'><strong>rex</strong></span> <span class='ocrx_word' id='word_1_303' title='bbox 1597 2048 1722 2092; x_wconf 79' lang='lat' dir='ltr'><strong>iussit</strong></span> <span class='ocrx_word' id='word_1_304' title='bbox 1780 2043 1827 2106; x_wconf 23' lang='grc' dir='ltr'><strong>ιη’</strong></span> 
     </span>
     <span class='ocr_line' id='line_1_33' title="bbox 337 2100 1826 2172; baseline 0.006 -32"><span class='ocrx_word' id='word_1_305' title='bbox 337 2100 467 2156; x_wconf 72' lang='lat' dir='ltr'><strong>quiri,</strong></span> <span class='ocrx_word' id='word_1_306' title='bbox 516 2101 780 2158; x_wconf 77' lang='lat' dir='ltr'><strong>sumptisque</strong></span> <span class='ocrx_word' id='word_1_307' title='bbox 815 2102 987 2158; x_wconf 81' lang='lat' dir='ltr'><strong>divitiis,</strong></span> <span class='ocrx_word' id='word_1_308' title='bbox 1017 2119 1197 2147; x_wconf 86' lang='lat' dir='ltr'><strong>uxorem</strong></span> <span class='ocrx_word' id='word_1_309' title='bbox 1232 2105 1337 2160; x_wconf 91' lang='lat' dir='ltr'><strong>eius,</strong></span> <span class='ocrx_word' id='word_1_310' title='bbox 1377 2105 1501 2164; x_wconf 71' lang='lat' dir='ltr'><strong>quasi</strong></span> <span class='ocrx_word' id='word_1_311' title='bbox 1533 2104 1759 2172; x_wconf 74' lang='lat' dir='ltr'><strong>profanam</strong></span> <span class='ocrx_word' id='word_1_312' title='bbox 1823 2105 1826 2117; x_wconf 70' lang='lat'>²</span> 
     </span>
     <span class='ocr_line' id='line_1_34' title="bbox 336 2154 1791 2219; baseline 0.008 -24"><span class='ocrx_word' id='word_1_313' title='bbox 336 2154 506 2197; x_wconf 87' lang='lat' dir='ltr'><strong>sceleris</strong></span> <span class='ocrx_word' id='word_1_314' title='bbox 535 2156 663 2197; x_wconf 87' lang='lat' dir='ltr'><strong>totius</strong></span> <span class='ocrx_word' id='word_1_315' title='bbox 694 2159 940 2214; x_wconf 81' lang='lat' dir='ltr'><strong>auctricem,</strong></span> <span class='ocrx_word' id='word_1_316' title='bbox 976 2161 1157 2216; x_wconf 86' lang='lat' dir='ltr'><strong>turpiter</strong></span> <span class='ocrx_word' id='word_1_317' title='bbox 1193 2161 1246 2203; x_wconf 90' lang='lat' dir='ltr'><strong>de</strong></span> <span class='ocrx_word' id='word_1_318' title='bbox 1281 2175 1415 2218; x_wconf 88' lang='lat' dir='ltr'><strong>regno</strong></span> <span class='ocrx_word' id='word_1_319' title='bbox 1449 2159 1598 2205; x_wconf 64' lang='lat' dir='ltr'><strong>Itahoo</strong></span> <span class='ocrx_word' id='word_1_320' title='bbox 1636 2169 1667 2219; x_wconf 83' lang='lat' dir='ltr'><strong>p</strong></span> <span class='ocrx_word' id='word_1_321' title='bbox 1699 2180 1756 2198; x_wconf 66' lang='grc' dir='ltr'><strong>ἰν·</strong></span> <span class='ocrx_word' id='word_1_322' title='bbox 1778 2182 1791 2209; x_wconf 72' lang='lat'><strong>¹.</strong></span> 
     </span>
    </p>

    <p class='ocr_par' dir='ltr' id='par_1_8' title="bbox 337 2210 1824 2274">
     <span class='ocr_line' id='line_1_35' title="bbox 337 2210 1824 2274; baseline 0.007 -23"><span class='ocrx_word' id='word_1_323' title='bbox 337 2210 505 2267; x_wconf 81' lang='lat' dir='ltr'><strong>expelli,</strong></span> <span class='ocrx_word' id='word_1_324' title='bbox 535 2218 662 2268; x_wconf 83' lang='lat' dir='ltr'><strong>atque</strong></span> <span class='ocrx_word' id='word_1_325' title='bbox 691 2213 735 2254; x_wconf 93' lang='lat' dir='ltr'><strong>in</strong></span> <span class='ocrx_word' id='word_1_326' title='bbox 764 2213 1073 2270; x_wconf 82' lang='lat' dir='ltr'><strong>Burgundiam,</strong></span> <span class='ocrx_word' id='word_1_327' title='bbox 1113 2217 1166 2259; x_wconf 90' lang='lat' dir='ltr'><strong>de</strong></span> <span class='ocrx_word' id='word_1_328' title='bbox 1206 2232 1291 2274; x_wconf 87' lang='lat' dir='ltr'><strong>qua</strong></span> <span class='ocrx_word' id='word_1_329' title='bbox 1327 2216 1510 2260; x_wconf 81' lang='lat' dir='ltr'><strong>oriunda</strong></span> <span class='ocrx_word' id='word_1_330' title='bbox 1535 2216 1686 2273; x_wconf 79' lang='lat' dir='ltr'><strong>fuerat,</strong></span> <span class='ocrx_word' id='word_1_331' title='bbox 1714 2217 1787 2261; x_wconf 57' lang='lat' dir='ltr'><strong>dv</strong></span> <span class='ocrx_word' id='word_1_332' title='bbox 1822 2265 1824 2274; x_wconf 32' lang='lat'>2</span> 
     </span>
    </p>

    <p class='ocr_par' dir='ltr' id='par_1_9' title="bbox 336 2264 1824 2328">
     <span class='ocr_line' id='line_1_36' title="bbox 336 2264 1824 2328; baseline 0.008 -21"><span class='ocrx_word' id='word_1_333' title='bbox 336 2264 498 2308; x_wconf 90' lang='lat' dir='ltr'><strong>Verum</strong></span> <span class='ocrx_word' id='word_1_334' title='bbox 528 2281 627 2308; x_wconf 88' lang='lat' dir='ltr'><strong>cum</strong></span> <span class='ocrx_word' id='word_1_335' title='bbox 655 2266 880 2324; x_wconf 87' lang='lat' dir='ltr'><strong>diligenter</strong></span> <span class='ocrx_word' id='word_1_336' title='bbox 909 2272 1051 2314; x_wconf 88' lang='lat' dir='ltr'><strong>omnia</strong></span> <span class='ocrx_word' id='word_1_337' title='bbox 1078 2274 1335 2328; x_wconf 86' lang='lat' dir='ltr'><strong>perscrutati</strong></span> <span class='ocrx_word' id='word_1_338' title='bbox 1363 2272 1551 2317; x_wconf 76' lang='lat' dir='ltr'><strong>balteum</strong></span> <span class='ocrx_word' id='word_1_339' title='bbox 1571 2282 1659 2317; x_wconf 84' lang='lat' dir='ltr'><strong>non</strong></span> <span class='ocrx_word' id='word_1_340' title='bbox 1677 2289 1746 2318; x_wconf 89' lang='lat' dir='ltr'><strong>re</strong></span> <span class='ocrx_word' id='word_1_341' title='bbox 1768 2294 1775 2311; x_wconf 76' lang='grc' dir='ltr'>ι</span> <span class='ocrx_word' id='word_1_342' title='bbox 1821 2277 1824 2324; x_wconf 72' lang='lat' dir='ltr'>f</span> 
     </span>
    </p>

    <p class='ocr_par' dir='ltr' id='par_1_10' title="bbox 336 2322 1788 2387">
     <span class='ocr_line' id='line_1_37' title="bbox 336 2322 1788 2387; baseline 0.008 -25"><span class='ocrx_word' id='word_1_343' title='bbox 336 2322 477 2375; x_wconf 87' lang='lat' dir='ltr'><strong>rerint,</strong></span> <span class='ocrx_word' id='word_1_344' title='bbox 507 2328 671 2364; x_wconf 86' lang='lat' dir='ltr'><strong>caetera</strong></span> <span class='ocrx_word' id='word_1_345' title='bbox 700 2326 836 2367; x_wconf 84' lang='lat' dir='ltr'><strong>nuntii</strong></span> <span class='ocrx_word' id='word_1_346' title='bbox 864 2333 1143 2384; x_wconf 83' lang='lat' dir='ltr'><strong>reportantes,</strong></span> <span class='ocrx_word' id='word_1_347' title='bbox 1183 2335 1282 2371; x_wconf 91' lang='lat' dir='ltr'><strong>sunt</strong></span> <span class='ocrx_word' id='word_1_348' title='bbox 1309 2329 1366 2372; x_wconf 81' lang='lat' dir='ltr'><strong>ad</strong></span> <span class='ocrx_word' id='word_1_349' title='bbox 1393 2329 1626 2387; x_wconf 85' lang='lat' dir='ltr'><strong>Hugonem</strong></span> <span class='ocrx_word' id='word_1_350' title='bbox 1653 2345 1750 2373; x_wconf 87' lang='lat' dir='ltr'><strong>rev</strong></span> <span class='ocrx_word' id='word_1_351' title='bbox 1784 2337 1788 2366; x_wconf 85' lang='lat'><strong>&#39;-</strong></span> 
     </span>
    </p>

    <p class='ocr_par' dir='ltr' id='par_1_11' title="bbox 337 2375 1823 2445">
     <span class='ocr_line' id='line_1_38' title="bbox 337 2375 1823 2445; baseline 0.009 -28"><span class='ocrx_word' id='word_1_352' title='bbox 337 2375 448 2418; x_wconf 87' lang='lat' dir='ltr'><strong>Tum</strong></span> <span class='ocrx_word' id='word_1_353' title='bbox 477 2393 574 2420; x_wconf 90' lang='lat' dir='ltr'><strong>rex:</strong></span> <span class='ocrx_word' id='word_1_354' title='bbox 604 2378 917 2436; x_wconf 85' lang='lat' dir='ltr'><strong>‘Revertentes&#39;,</strong></span> <span class='ocrx_word' id='word_1_355' title='bbox 946 2384 990 2425; x_wconf 91' lang='lat' dir='ltr'><strong>in</strong></span> <span class='ocrx_word' id='word_1_356' title='bbox 1022 2384 1086 2426; x_wconf 91' lang='lat' dir='ltr'><strong>uit</strong></span> <span class='ocrx_word' id='word_1_357' title='bbox 1115 2384 1355 2428; x_wconf 85' lang='lat' dir='ltr'><strong>‘falerarum</strong></span> <span class='ocrx_word' id='word_1_358' title='bbox 1384 2385 1477 2428; x_wconf 83' lang='lat' dir='ltr'><strong>eius</strong></span> <span class='ocrx_word' id='word_1_359' title='bbox 1506 2400 1678 2429; x_wconf 87' lang='lat' dir='ltr'><strong>omnem</strong></span> <span class='ocrx_word' id='word_1_360' title='bbox 1696 2392 1782 2445; x_wconf 74' lang='lat' dir='ltr'><strong>ap&#39;</strong></span> <span class='ocrx_word' id='word_1_361' title='bbox 1819 2377 1823 2434; x_wconf 43' lang='lat' dir='ltr'>f</span> 
     </span>
    </p>

    <p class='ocr_par' dir='ltr' id='par_1_12' title="bbox 335 2432 1821 2498">
     <span class='ocr_line' id='line_1_39' title="bbox 335 2432 1821 2498; baseline 0.009 -25"><span class='ocrx_word' id='word_1_362' title='bbox 335 2438 486 2497; x_wconf 61' lang='lat' dir='ltr'><strong>rutum,</strong></span> <span class='ocrx_word' id='word_1_363' title='bbox 515 2432 712 2498; x_wconf 76' lang='lat' dir='ltr'><strong>pulvinar</strong></span> <span class='ocrx_word' id='word_1_364' title='bbox 740 2437 881 2491; x_wconf 85' lang='lat' dir='ltr'><strong>etiam,</strong></span> <span class='ocrx_word' id='word_1_365' title='bbox 913 2453 997 2495; x_wconf 92' lang='lat' dir='ltr'><strong>quo</strong></span> <span class='ocrx_word' id='word_1_366' title='bbox 1058 2440 1288 2497; x_wconf 79' lang='lat' dir='ltr'><strong>equitando</strong></span> <span class='ocrx_word' id='word_1_367' title='bbox 1317 2442 1487 2498; x_wconf 77' lang='lat' dir='ltr'><strong>premit,</strong></span> <span class='ocrx_word' id='word_1_368' title='bbox 1516 2438 1693 2486; x_wconf 77' lang='lat' dir='ltr'><strong>evertite</strong></span> <span class='ocrx_word' id='word_1_369' title='bbox 1702 2442 1730 2485; x_wconf 54' lang='grc' dir='ltr'><strong>ἶ.</strong></span> <span class='ocrx_word' id='word_1_370' title='bbox 1780 2492 1783 2494; x_wconf 43' lang='grc'>,</span> <span class='ocrx_word' id='word_1_371' title='bbox 1819 2494 1821 2498; x_wconf 71' lang='lat'>‚</span> 
     </span>
    </p>

    <p class='ocr_par' dir='ltr' id='par_1_13' title="bbox 338 2488 1821 2555">
     <span class='ocr_line' id='line_1_40' title="bbox 338 2488 1821 2555; baseline 0.01 -27"><span class='ocrx_word' id='word_1_372' title='bbox 338 2502 373 2528; x_wconf 77' lang='lat' dir='ltr'><strong>si</strong></span> <span class='ocrx_word' id='word_1_373' title='bbox 402 2503 480 2531; x_wconf 89' lang='lat' dir='ltr'><strong>nee</strong></span> <span class='ocrx_word' id='word_1_374' title='bbox 518 2488 578 2531; x_wconf 87' lang='lat' dir='ltr'><strong>1b1</strong></span> <span class='ocrx_word' id='word_1_375' title='bbox 616 2490 787 2547; x_wconf 87' lang='lat' dir='ltr'><strong>quidem</strong></span> <span class='ocrx_word' id='word_1_376' title='bbox 817 2492 1003 2537; x_wconf 83' lang='lat' dir='ltr'><strong>balteum</strong></span> <span class='ocrx_word' id='word_1_377' title='bbox 1032 2498 1254 2552; x_wconf 62' lang='lat' dir='ltr'><strong>poteritis&amp;</strong></span> <span class='ocrx_word' id='word_1_378' title='bbox 1292 2498 1522 2555; x_wconf 88' lang='lat' dir='ltr'><strong>repperire,</strong></span> <span class='ocrx_word' id='word_1_379' title='bbox 1561 2498 1786 2542; x_wconf 74' lang='lat' dir='ltr'><strong>vestimen</strong></span> <span class='ocrx_word' id='word_1_380' title='bbox 1819 2549 1821 2553; x_wconf 20' lang='lat' dir='ltr'><strong>f</strong></span> 
     </span>
    </p>

    <p class='ocr_par' dir='ltr' id='par_1_14' title="bbox 1817 2573 1821 2605">
     <span class='ocr_line' id='line_1_41' title="bbox 1817 2573 1821 2605; baseline 0 0"><span class='ocrx_word' id='word_1_381' title='bbox 1817 2573 1821 2605; x_wconf 76' lang='lat' dir='ltr'><strong>l</strong></span> 
     </span>
    </p>
   </div>
   <div class='ocr_carea' id='block_1_4' title="bbox 1824 1985 1829 2007">
    <p class='ocr_par' dir='ltr' id='par_1_15' title="bbox 1824 1985 1829 2007">
     <span class='ocr_line' id='line_1_42' title="bbox 1824 1985 1829 2007; baseline 0 0"><span class='ocrx_word' id='word_1_382' title='bbox 1824 1985 1829 2007; x_wconf 74' lang='lat'>1</span> 
     </span>
    </p>
   </div>
   <div class='ocr_carea' id='block_1_5' title="bbox 336 2606 1820 2719">
    <p class='ocr_par' dir='ltr' id='par_1_16' title="bbox 336 2606 1820 2719">
     <span class='ocr_line' id='line_1_43' title="bbox 337 2606 1820 2657; baseline 0.01 -25"><span class='ocrx_word' id='word_1_383' title='bbox 337 2606 367 2639; x_wconf 67' lang='lat' dir='ltr'><strong>a)</strong></span> <span class='ocrx_word' id='word_1_384' title='bbox 389 2608 534 2639; x_wconf 70' lang='lat' dir='ltr'><strong>sequentia</strong></span> <span class='ocrx_word' id='word_1_385' title='bbox 556 2616 644 2642; x_wconf 72' lang='lat' dir='ltr'><strong>mque</strong></span> <span class='ocrx_word' id='word_1_386' title='bbox 665 2612 704 2635; x_wconf 79' lang='lat' dir='ltr'><strong>ad</strong></span> <span class='ocrx_word' id='word_1_387' title='bbox 724 2612 755 2637; x_wconf 84' lang='lat' dir='ltr'><strong>in</strong></span> <span class='ocrx_word' id='word_1_388' title='bbox 778 2615 937 2641; x_wconf 75' lang='lat' dir='ltr'><strong>saxoniam</strong></span> <span class='ocrx_word' id='word_1_389' title='bbox 958 2623 1021 2648; x_wconf 81' lang='lat' dir='ltr'><strong>cap.</strong></span> <span class='ocrx_word' id='word_1_390' title='bbox 1047 2617 1092 2642; x_wconf 79' lang='lat'><strong>14.</strong></span> <span class='ocrx_word' id='word_1_391' title='bbox 1114 2617 1216 2643; x_wconf 63' lang='lat' dir='ltr'><strong>decim!</strong></span> <span class='ocrx_word' id='word_1_392' title='bbox 1235 2618 1318 2644; x_wconf 69' lang='lat' dir='ltr'><strong>malla</strong></span> <span class='ocrx_word' id='word_1_393' title='bbox 1339 2619 1446 2644; x_wconf 70' lang='lat' dir='ltr'><strong>lacuna</strong></span> <span class='ocrx_word' id='word_1_394' title='bbox 1467 2618 1596 2645; x_wconf 61' lang='lat' dir='ltr'><strong>indicam</strong></span> <span class='ocrx_word' id='word_1_395' title='bbox 1615 2617 1644 2646; x_wconf 76' lang='lat'><strong>8.</strong></span> <span class='ocrx_word' id='word_1_396' title='bbox 1724 2617 1758 2653; x_wconf 77' lang='lat' dir='ltr'><strong>b)</strong></span> <span class='ocrx_word' id='word_1_397' title='bbox 1817 2614 1820 2657; x_wconf 60' lang='lat' dir='ltr'>J</span> 
     </span>
     <span class='ocr_line' id='line_1_44' title="bbox 336 2645 1820 2719; baseline 0.011 -48"><span class='ocrx_word' id='word_1_398' title='bbox 336 2645 501 2719; x_wconf 41' lang='lat' dir='ltr'><strong>galatii-fis</strong></span> <span class='ocrx_word' id='word_1_399' title='bbox 524 2648 572 2712; x_wconf 75' lang='lat' dir='ltr'><strong>l(¹)</strong></span> <span class='ocrx_word' id='word_1_400' title='bbox 593 2650 800 2682; x_wconf 75' lang='lat' dir='ltr'><strong>cupudissima</strong></span> <span class='ocrx_word' id='word_1_401' title='bbox 824 2655 849 2681; x_wconf 90' lang='lat'><strong>1.</strong></span> <span class='ocrx_word' id='word_1_402' title='bbox 937 2654 967 2688; x_wconf 86' lang='lat' dir='ltr'><strong>d)</strong></span> <span class='ocrx_word' id='word_1_403' title='bbox 987 2655 1103 2688; x_wconf 70' lang='lat' dir='ltr'><strong>flagrare</strong></span> <span class='ocrx_word' id='word_1_404' title='bbox 1127 2658 1153 2683; x_wconf 86' lang='lat'><strong>1.</strong></span> <span class='ocrx_word' id='word_1_405' title='bbox 1235 2663 1265 2689; x_wconf 78' lang='lat' dir='ltr'><strong>e)</strong></span> <span class='ocrx_word' id='word_1_406' title='bbox 1286 2658 1457 2690; x_wconf 73' lang='lat' dir='ltr'><strong>spendebut</strong></span> <span class='ocrx_word' id='word_1_407' title='bbox 1478 2659 1506 2685; x_wconf 84' lang='lat'><strong>1.</strong></span> <span class='ocrx_word' id='word_1_408' title='bbox 1576 2656 1601 2691; x_wconf 74' lang='lat' dir='ltr'><strong>f)</strong></span> <span class='ocrx_word' id='word_1_409' title='bbox 1619 2657 1756 2686; x_wconf 68' lang='lat' dir='ltr'><strong>enema</strong></span> <span class='ocrx_word' id='word_1_410' title='bbox 1816 2680 1820 2716; x_wconf 61' lang='lat'>3</span> 
     </span>
    </p>
   </div>
   <div class='ocr_carea' id='block_1_6' title="bbox 340 2761 1818 2827">
    <p class='ocr_par' dir='ltr' id='par_1_17' title="bbox 340 2761 1818 2827">
     <span class='ocr_line' id='line_1_45' title="bbox 340 2761 1818 2827; baseline 0.011 -23"><span class='ocrx_word' id='word_1_411' title='bbox 340 2771 378 2815; x_wconf 88' lang='lat'><strong>1)</strong></span> <span class='ocrx_word' id='word_1_412' title='bbox 404 2772 598 2808; x_wconf 77' lang='lat' dir='ltr'><strong>Flodoardi</strong></span> <span class='ocrx_word' id='word_1_413' title='bbox 623 2787 707 2811; x_wconf 77' lang='lat' dir='ltr'><strong>aun.</strong></span> <span class='ocrx_word' id='word_1_414' title='bbox 733 2779 824 2812; x_wconf 84' lang='lat'><strong>936:</strong></span> <span class='ocrx_word' id='word_1_415' title='bbox 853 2783 1073 2827; x_wconf 83' lang='lat' dir='ltr'><strong>repertisque</strong></span> <span class='ocrx_word' id='word_1_416' title='bbox 1099 2783 1313 2827; x_wconf 78' lang='lat' dir='ltr'><strong>quibusdam</strong></span> <span class='ocrx_word' id='word_1_417' title='bbox 1337 2785 1459 2819; x_wconf 76' lang='lat' dir='ltr'><strong>fratris</strong></span> <span class='ocrx_word' id='word_1_418' title='bbox 1483 2786 1540 2819; x_wconf 77' lang='lat' dir='ltr'><strong>sui</strong></span> <span class='ocrx_word' id='word_1_419' title='bbox 1563 2785 1718 2820; x_wconf 70' lang='lat' dir='ltr'><strong>Bononio</strong></span> <span class='ocrx_word' id='word_1_420' title='bbox 1749 2805 1761 2813; x_wconf 37' lang='grc' dir='ltr'><strong>»ι</strong></span> <span class='ocrx_word' id='word_1_421' title='bbox 1814 2761 1818 2794; x_wconf 62' lang='lat'><strong>1&#39;</strong></span> 
     </span>
    </p>
   </div>
   <div class='ocr_carea' id='block_1_7' title="bbox 337 2824 1817 2907">
    <p class='ocr_par' dir='ltr' id='par_1_18' title="bbox 337 2824 1823 2907">
     <span class='ocr_line' id='line_1_46' title="bbox 337 2824 1817 2879; baseline 0.012 -27"><span class='ocrx_word' id='word_1_422' title='bbox 337 2824 392 2853; x_wconf 74' lang='lat' dir='ltr'><strong>tra</strong></span> <span class='ocrx_word' id='word_1_423' title='bbox 424 2832 474 2863; x_wconf 84' lang='lat' dir='ltr'><strong>se,</strong></span> <span class='ocrx_word' id='word_1_424' title='bbox 507 2827 546 2856; x_wconf 86' lang='lat' dir='ltr'><strong>ut</strong></span> <span class='ocrx_word' id='word_1_425' title='bbox 575 2824 694 2867; x_wconf 83' lang='lat' dir='ltr'><strong>fertur,</strong></span> <span class='ocrx_word' id='word_1_426' title='bbox 727 2828 877 2871; x_wconf 82' lang='lat' dir='ltr'><strong>insidiis,</strong></span> <span class='ocrx_word' id='word_1_427' title='bbox 911 2831 1063 2865; x_wconf 86' lang='lat' dir='ltr'><strong>eundem</strong></span> <span class='ocrx_word' id='word_1_428' title='bbox 1093 2833 1237 2867; x_wconf 80' lang='lat' dir='ltr'><strong>fratrem</strong></span> <span class='ocrx_word' id='word_1_429' title='bbox 1271 2844 1374 2867; x_wconf 85' lang='lat' dir='ltr'><strong>suum</strong></span> <span class='ocrx_word' id='word_1_430' title='bbox 1409 2833 1493 2868; x_wconf 81' lang='lat' dir='ltr'><strong>dolo</strong></span> <span class='ocrx_word' id='word_1_431' title='bbox 1525 2835 1624 2879; x_wconf 69' lang='lat' dir='ltr'><strong>capit</strong></span> <span class='ocrx_word' id='word_1_432' title='bbox 1654 2838 1766 2879; x_wconf 66' lang='lat' dir='ltr'><strong>atque</strong></span> <span class='ocrx_word' id='word_1_433' title='bbox 1815 2828 1817 2830; x_wconf 39' lang='lat'>¹</span> 
     </span>
     <span class='ocr_line' id='line_1_47' title="bbox 338 2870 1781 2907; baseline 0.013 -6"><span class='ocrx_word' id='word_1_434' title='bbox 338 2870 500 2904; x_wconf 80' lang='lat' dir='ltr'><strong>custodia</strong></span> <span class='ocrx_word' id='word_1_435' title='bbox 524 2873 641 2907; x_wconf 83' lang='lat' dir='ltr'><strong>mittit.</strong></span> <span class='ocrx_word' id='word_1_436' title='bbox 1772 2882 1781 2886; x_wconf 42' lang='grc'><strong>“</strong></span> 
     </span>
    </p>
   </div>
  </div>
 </body>
</html>
