1838 3210
325 223 390 256 1³8
709 218 1012 254 LIUDPRANDI
1039 216 1266 251 LEGATIO.
1318 216 1426 249 3-5.

242 343 515 387 oss-teeostes,
554 334 597 376 in
627 332 765 386 domo,
806 344 915 387 quae
950 329 1106 372 dicitur
1142 327 1345 385 Στεφάνα,
1383 325 1428 369 id
1465 332 1529 370 est
1557 325 1729 371 Corona
1751 326 1763 339 ⁰

194 387 261 413 ¹⁰¹³·
283 386 309 412 ⁷·
323 399 419 434 ante
444 389 730 446 Nicephorum
752 401 845 429 sum
868 385 1088 439 deductus,
1117 382 1332 427 hominem
1352 383 1455 426 satis
1474 389 1684 426 monstru-
1702 404 1708 420 2
1758 404 1777 420 ιι
1796 384 1801 440 '¹

324 460 593 505 pygmaeum,
625 444 765 500 capite
796 443 1011 499 pinguem,
1041 448 1169 497 atque
1199 438 1418 483 oculorum
1447 438 1656 496 parvitate
1685 435 1796 486 tal(

324 517 438 556 num,
467 501 602 544 barba
621 507 754 552 curta,
783 498 880 552 lata,
910 498 1049 554 spissa
1075 502 1117 539 et
1145 496 1362 539 semicana
1389 493 1619 550 foedatum,
1639 508 1791 546 cervi⁴

324 557 485 615 digitali
533 563 761 613 turpatum,
809 553 1050 610 prolixitate
1099 558 1141 595 et
1187 552 1394 595 densitate
1442 564 1661 594 comarum
1702 550 1782 594 ω’

169 619 310 647 ’Μή-’ω-
323 615 533 672 hyopam‘
552 622 578 666 ¹,
609 610 748 653 colore
774 610 1040 666 Aethiopem,
1070 608 1138 650 cui
1159 623 1235 665 per
1253 607 1438 650 mediam
1458 606 1566 651 nolis
1586 621 1663 651 occ

323 678 488 714 noctem
503 677 532 723 ²,
562 675 708 710 ventre
737 672 973 719 extensum,
1013 664 1183 707 natibus
1222 665 1398 718 siccum,
1436 663 1558 707 coxis
1594 662 1651 706 ad
1687 677 1776 707 me

325 741 464 769 suram
494 727 507 768 i
541 739 629 767 sam
660 722 834 765 brevem
864 721 1172 779 longissimum,
1212 718 1407 763 cruribus
1436 733 1632 777 parvum,
1669 717 1796 763 calv

160 783 413 828 ‘braiao-neis
442 796 495 839 pe
528 781 707 837 ibusque
736 792 786 821 ae
819 778 969 832 ualem,
997 776 1172 820 villino*
1212 775 1287 819 sed
1317 776 1443 818 nimis
1479 781 1703 820 veternoso
1751 795 1782 811 ·-

325 838 599 881 diuturnitate
652 836 746 892 ipsa
819 833 958 877 oetido
1007 840 1049 875 et
1096 831 1254 889 pallido
1303 837 1549 875 ornamento
1596 830 1701 874 indu
1730 851 1736 867 ·
1761 852 1780 868 a·

147 894 522 938 ‘tumus-Sieioniis
551 891 851 934 calceamentis
873 889 1107 933 calceatum
1117 895 1146 943 ³,
1175 887 1322 946 lingua
1340 902 1580 946 procacem,
1607 887 1786 945 ingenio
1837 897 1838 906 ³

324 950 517 1007 vulpem,
561 948 746 1005 periurio
790 961 865 989 seu
908 945 1131 988 mendacio
1179 944 1362 1001 Ulyxem
1376 951 1407 987 ⁴,
1482 942 1583 987 Sem
1639 958 1663 987 r
1702 943 1792 987 ιιιί-
1833 949 1837 995 ᾗ

325 1005 484 1049 domini
514 1004 596 1046 mei
627 1005 928 1059 imperatoresa
958 1001 1131 1058 augusti
1168 1000 1363 1055 formosi,
1435 1006 1565 1044 uanto
1628 999 1698 1043 inc
1724 998 1784 1043 f·'
1833 1006 1837 1049 ξ

324 1062 527 1105 mosiores
556 1060 636 1102 visi
665 1058 797 1101 estis‘?
842 1058 1020 1115 Semper
1050 1057 1199 1112 ornati,
1230 1063 1388 1114 quanto
1448 1057 1458 1066 ⁰
1491 1070 1515 1100 c
1545 1056 1779 1100 ornatiores
1832 1062 1837 1109 ᾗ

327 1119 504 1175 Semper
541 1122 747 1182 potentes,
788 1121 944 1172 quanto
983 1114 1083 1156 hinc
1123 1111 1410 1170 potentiores?
1458 1111 1639 1170 Semper
1672 1111 1733 1155 mi
1760 1132 1777 1149 ·--
1832 1112 1835 1167 ξ

327 1181 484 1231 quanto
514 1171 613 1214 hinc
640 1170 862 1213 mitiores?
899 1170 1080 1236 Semper
1106 1169 1337 1213 virtutibus
1364 1167 1493 1226 pleni,
1521 1174 1682 1226 quanto
1721 1189 1728 1206 ι
1766 1189 1772 1205 ι
1832 1168 1835 1175 ’

357 1228 563 1273 leniores?
600 1227 815 1270 Sedebant
843 1226 898 1269 ad
927 1227 1156 1280 sinistram,
1185 1240 1270 1268 non
1308 1226 1353 1268 in
1382 1225 1533 1269 eadem
1570 1223 1695 1279 linea,
1741 1245 1773 1261 κ-
1832 1248 1833 1253 =

326 1245 450 1342 iimge
479 1285 673 1327 deorsum
704 1283 788 1325 duo
816 1282 982 1340 parvuli
1011 1283 1287 1339 imperatores
1300 1289 1329 1336 ⁵,
1367 1282 1459 1324 eius
1493 1280 1708 1339 quondam
1736 1278 1796 1335 dis
1831 1283 1834 1352 ἰ

326 1342 429 1384 mini
458 1355 569 1383 nunc
598 1338 790 1393 subiecti,
821 1339 941 1381 cuius
969 1339 1222 1381 narrationis
1250 1338 1418 1381 initium
1445 1336 1528 1380 hoc
1554 1335 1656 1380 suit:
1785 1351 1790 1379 ’τ
1830 1357 1833 1390 i

437 1397 477 1439 4.
522 1397 843 1450 ‘Debueramus,
872 1396 1001 1437 immo
1030 1394 1314 1449 volueramus,
1352 1400 1395 1437 te
1430 1392 1615 1451 benigne
1660 1412 1681 1431 ιι
1702 1412 1706 1429 ι
1726 1412 1740 1444 L
1762 1413 1781 1428 ιι

327 1455 491 1511 ficeque
529 1453 761 1508 suscipere;
806 1450 881 1494 sed
920 1451 1082 1493 domini
1120 1451 1182 1494 tui
1225 1451 1422 1516 impietas
1463 1464 1550 1492 non
1592 1463 1729 1548 ffel-rnen

329 1510 402 1576 qui
431 1516 518 1552 tam
548 1509 720 1550 inimica
747 1507 967 1550 invasione
996 1507 1176 1549 Romam
1213 1507 1294 1550 sibl
1322 1505 1569 1561 vindicavit,
1829 1515 1832 1560 j

184 1572 416 1609 ‘1³·³⁴8·r100
445 1567 507 1608 *et
534 1563 764 1608 Adelberto
794 1569 941 1606 contra
979 1564 1046 1606 ius
1075 1563 1223 1620 fasque
1261 1562 1471 1620 regnum*
1506 1560 1694 1616 abstulit,
1744 1529 1792 1597 '31‘
1829 1560 1832 1612 f

328 1636 549 1664 manorum
578 1620 682 1662 alios
710 1619 865 1678 gladio,
895 1619 1000 1662 alios
1029 1619 1258 1676 suspendio
1287 1618 1512 1674 interemit,
1542 1616 1676 1661 oculis
1714 1636 1718 1652 ,·
1749 1617 1793 1653 ι’
1828 1667 1830 1671 ¹

329 1678 522 1735 privavit,
567 1676 694 1719 exilio
737 1675 842 1718 alios
884 1675 1136 1733 relegavit',
1179 1681 1222 1718 et
1259 1675 1429 1733 imperii
1464 1673 1599 1718 nostri
1640 1673 1783 1716 insu

330 1734 520 1776 civitates
550 1732 778 1775 homicidio
807 1739 882 1775 aut
910 1732 1107 1775 incendio
1138 1731 1219 1774 sibi
1249 1731 1460 1775 subdere⁶
1486 1730 1730 1788 temptavit3
1779 1760 1785 1764 -
1827 1781 1829 1784 ⁴

331 1790 430 1847 quia
458 1789 634 1832 affectus
665 1789 755 1830 eius
784 1803 940 1845 pravus
971 1789 1170 1831 effectum
1199 1786 1355 1830 habere
1383 1801 1470 1830 non
1507 1786 1658 1844 potuit,
1695 1800 1744 1828 n·
1769 1797 1789 1831 ’ζ’
1827 1790 1829 1794 ”

329 1853 371 1889 te
407 1845 591 1888 malitiae
629 1844 754 1886 huius
793 1851 1084 1901 suggestorem
1125 1850 1252 1901 atque
1288 1842 1579 1901 impulsorem,
1614 1842 1695 1885 sim
1752 1861 1754 1874 t
1786 1898 1790 1899 ⁷
1827 1847 1828 1850 ’

254 1923 263 1935 ·
330 1915 448 1958 pace,
479 1901 600 1958 quasi
630 1898 822 1943 ἄσκοπον
833 1901 863 1953 ²¹,
894 1900 938 1943 id
967 1907 1032 1944 est
1051 1899 1376 1957 exploratorem,
1405 1899 1558 1942 adnos
1577 1897 1759 1942 direxit’.
1780 1899 1793 1933 2⁵
1826 1891 1829 1947 ἔ

441 1958 480 1999 5.
527 1957 609 2000 Cui
637 1957 812 2013 inquam
845 1971 944 2012 ego:
975 1957 1223 1999 ‘Romanam
1243 1956 1457 1999 civitatem
1477 1954 1676 1998 dominus
1693 1968 1778 1996 m·-=
1827 2003 1829 2007 ¹

330 2028 416 2055 non
443 2013 486 2055 vi
514 2019 588 2055 aut
616 2013 834 2068 tyrannice
873 2014 1039 2067 invasit,
1077 2012 1152 2055 sed
1181 2027 1207 2054 a
1235 2012 1419 2069 tyranni,
1455 2012 1587 2054 immo
1646 2029 1653 2038 ·
1695 2030 1699 2047 .-
1723 2030 1730 2047 ι
1753 2031 1759 2046 ι
1782 2033 1785 2037 ·
1827 2023 1829 2026 ’

173 2083 233 2110 lui
253 2082 281 2117 ³,
291 2084 318 2110 4.
331 2084 424 2111 rum
468 2070 569 2126 iugo
605 2068 814 2112 liberavit.
873 2069 1024 2112 Nonne
1061 2069 1292 2111 effeminati
1329 2066 1658 2111 dominabantur
1690 2066 1749 2110 ei
1779 2071 1788 2114 J
1826 2114 1827 2118 Ἰ

332 2131 372 2168 et
401 2125 515 2182 quod
543 2126 714 2182 gravius
744 2126 834 2167 sive
862 2126 1042 2181 turpius,
1072 2139 1211 2168 nonne
1240 2123 1512 2168 meretrices?
1548 2122 1784 2166 Dormiea·
1825 2127 1827 2129 ’

331 2189 378 2224 ut
404 2187 521 2238 puto,
559 2189 660 2224 tunc
696 2187 883 2238 potestas
918 2188 1004 2235 tua,
1040 2181 1172 2223 immo
1209 2181 1481 2224 decessorum
1516 2185 1703 2233 tuorum,
1750 2185 1781 2215 ι’

331 2237 501 2280 nomine
539 2236 650 2290 solo,
691 2252 777 2279 non
815 2245 958 2280 autem
993 2252 1039 2280 re
1077 2238 1172 2294 ipsa
1214 2238 1273 2279 im
1307 2244 1490 2280 eratores
1528 2235 1721 2278 Romano
1754 2250 1772 2269 ν

332 2298 550 2335 vocantur.
609 2293 655 2335 Si
675 2300 883 2349 potentes,
914 2294 949 2336 si
973 2294 1249 2350 imperatores
1310 2306 1560 2336 omanorum
1579 2297 1711 2345 erant,
1750 2310 1768 2327 ν

332 2348 511 2391 Romam
541 2348 585 2389 in
612 2350 881 2391 meretricum
910 2356 1118 2406 potestate
1147 2348 1400 2392 sinebant‘?⁸
1428 2347 1581 2391 Nonne
1605 2361 1683 2390 san
1718 2366 1754 2383 -2
1823 2347 1825 2354 ⁴

1830 1399 1833 1413 (

1715 1448 1726 1458 0
1765 1447 1779 1459 .
1830 1433 1833 1468 Ε

1759 1469 1782 1485 *v

1720 1506 1793 1542 ι·’Δ

1745 1549 1758 1556 -

335 2432 365 2466 a)
388 2433 580 2465 imperatoris
602 2433 630 2458 C.
692 2432 724 2466 b)
746 2434 840 2458 vitam
862 2434 890 2458 C.
911 2440 1038 2465 regnum
1061 2434 1206 2467 legendum
1227 2441 1285 2459 cue
1305 2435 1425 2465 videtur,
1446 2439 1510 2459 cun
1528 2439 1619 2466 nequa
1639 2431 1683 2458 Β
1710 2448 1714 2451 v

334 2479 424 2504 neque
445 2472 598 2497 Adalberto
626 2475 693 2497 tunc
721 2473 882 2498 etiamnunc
909 2474 972 2498 viz-o
1004 2473 1066 2499 Ouo
1093 2474 1181 2499 vitam
1209 2474 1356 2499 abstulerit
1377 2477 1401 2499 ec
1420 2473 1452 2499 in
1473 2473 1564 2506 capite
1583 2470 1711 2505 oeque-8⁸*

331 2511 466 2544 pruneius
485 2514 556 2536 recte
576 2512 653 2536 illum
668 2519 754 2543 reqno
768 2515 918 2544 utrumque
928 2512 1059 2544 privasse
1074 2516 1287 2545 arqumeneceur
1302 2514 1335 2538 de
1351 2513 1410 2539 vita
1425 2511 1497 2538 m
1510 2511 1630 2545 adam,
1649 2510 1682 2537 vi
1701 2511 1733 2537 te
1771 2540 1774 2541 ⁷

335 2551 408 2577 eom:
431 2550 613 2576 camaram.
669 2550 696 2584 e)
713 2550 880 2577 subducere
903 2551 1069 2577 BROWER
1091 2552 1167 2580 Am«.
1193 2552 1274 2579 Tm.
1297 2560 1327 2586 p.
1350 2553 1419 2581 ιιι.
1441 2558 1475 2578 ez
1493 2551 1595 2578 codiee.
1695 2547 1727 2582 ιι)
1767 2547 1783 2587 ,ἶ
1821 2575 1824 2596 1,

333 2585 530 2618 κατάσκοπον
551 2590 579 2616 0.
1771 2583 1775 2588 ’

338 2651 376 2698 1)
402 2652 484 2688 Suis
510 2642 584 2696 (ὗς)
610 2653 738 2686 faciem
771 2648 857 2698 (ὄψ)
888 2655 1161 2698 praeferenteff.
1263 2654 1301 2698 2)
1328 2656 1453 2689 Iuven.
1481 2655 1556 2689 Sat.
1583 2653 1626 2695 V,
1652 2652 1720 2686 542

334 2711 400 2746 per
433 2701 588 2735 mediam
614 2701 705 2736 nolis
731 2713 917 2736 occurrere
952 2707 1106 2736 noctem.
1213 2704 1251 2746 3)
1279 2705 1334 2738 Cf.
1362 2704 1439 2738 Cic.
1473 2703 1517 2737 de
1543 2706 1633 2737 orat.
1657 2702 1678 2735 1
1702 2711 1737 2735 c.
1762 2741 1769 2743 „

335 2749 377 2795 4)
395 2749 567 2794 Congruit
593 2761 672 2784 cum
691 2751 759 2784 hac
777 2751 968 2795 Nicephori
986 2753 1141 2795 imagine
1161 2763 1204 2786 ex
1221 2757 1320 2797 parte
1339 2753 1413 2788 Leo
1430 2753 1615 2786 Diaconos
1632 2749 1762 2793 (nist.

338 2809 370 2832 c.
388 2798 410 2831 8
428 2811 463 2844 p.
481 2798 527 2832 48
547 2798 604 2833 ed.
622 2798 750 2843 Hase).
813 2799 852 2843 5)
871 2800 1026 2834 Basilius
1041 2799 1111 2844 (11)
1126 2806 1162 2834 et
1176 2801 1428 2836 Constantinus
1442 2799 1568 2846 (VIII)
1582 2798 1735 2834 Romani
1764 2835 1771 2841 ,

336 2849 558 2892 imperatoris
576 2847 652 2890 filii,
671 2850 730 2892 qui
750 2859 780 2882 a.
800 2849 870 2882 976
889 2859 1035 2892 regnum
1055 2855 1300 2894 suscepemnt.
1328 2850 1437 2885 CAN.
1513 2849 1552 2894 6)
1569 2849 1669 2884 Obiit
1684 2858 1719 2883 ⁸-
1745 2854 1749 2870 ²

338 2898 376 2940 7)
402 2908 435 2931 a.
462 2897 532 2930 967
559 2898 714 2931 ineunte.
754 2897 895 2931 Contin.
922 2899 1011 2941 Reg.
1112 2898 1151 2942 8)
1178 2900 1232 2934 Cf.
1258 2900 1349 2933 infra
1376 2911 1408 2934 c.
1435 2899 1494 2942 17,
1518 2899 1600 2933 Ant.
1617 2897 1677 2931 111
1703 2906 1736 2931 e.
1769 2889 1777 2948 ‘q
1818 2890 1830 2944 ,ἶ

336 2950 375 2979 nt
400 2947 623 2980 meretricum
652 2947 758 2980 etiam
785 2947 932 2991 imperio
959 2950 1119 2991 paroeat.
1819 2945 1821 2949 ’
