1838 3210
314 234 348 268 X
785 231 1061 266 PRAEFATIO
1089 229 1329 265 EDITORIS.

316 343 645 401 stantinopolim
665 344 880 397 directus’,
904 343 1156 386 Cremonam
1177 341 1367 398 amplius
1382 341 1505 383 haud
1519 346 1580 383 eet
1594 353 1807 384 reversae.

316 400 578 457 Supremum
606 401 747 457 iyitur
786 399 897 442 diem
927 405 1005 440 aut
1033 400 1082 440 in
1113 397 1326 451 Graecia,
1364 402 1441 438 aut
1481 395 1677 440 adducta
1713 397 1808 439 iam

319 457 602 514 Tbeophanu,
632 458 682 499 in
713 455 848 498 Italia
870 454 1100 511 prioribus
1135 453 1353 496 mensibus
1384 453 1496 495 anni
1523 451 1622 507 972,
1650 451 1808 495 obiisse

315 514 501 555 videtur.
572 511 688 555 Certe
723 510 838 553 Iulio
876 510 1246 553 menseeiuedem
1285 509 1398 551 anni
1435 508 1488 551 de
1525 509 1656 551 terris
1692 508 1809 551 inter

317 569 526 611 Adduam
547 573 584 609 et
611 566 769 620 Olium,
790 581 902 623 quas
922 566 1245 622 Diudprandus
1267 571 1397 607 antea
1415 564 1674 618 detinuerat,
1693 564 1811 607 inter

316 624 519 667 ecclesias
556 623 883 680 Berqomensem
922 628 960 663 et
996 621 1313 679 Aquileiensem
1351 621 1507 663 iterum
1540 625 1811 663 contractum

319 687 423 734 est1,
453 679 528 721 sed
557 694 653 722 cum
681 679 746 721 ibi
775 679 975 720 ‘domnus
995 678 1144 720 Liuso’
1171 693 1260 719 non
1285 691 1384 719 vero
1405 676 1653 733 ‘quondam’
1673 675 1812 719 Limo

319 737 550 792 episcopus
575 735 871 778 Cremonensis
899 734 1098 776 ecclesiae
1128 733 1359 785 scribatur,
1387 738 1425 774 et
1444 732 1560 775 hunc
1578 732 1813 775 terminum

319 806 627 848 superqressus
656 805 743 832 esse
773 791 940 832 censeri
962 795 1131 846 posset;
1161 790 1284 831 haud
1313 803 1412 831 vero
1431 787 1502 830 lon
1537 802 1572 842 e,
1600 802 1698 830 cum
1719 788 1812 831 iam

321 848 391 890 die
429 847 468 888 5.
500 847 659 888 Martii
695 848 807 888 anni
843 845 926 887 973
963 860 1181 887 successor
1218 847 1312 887 eius
1349 845 1397 886 in
1431 844 1611 887 eccesia
1643 842 1811 887 Cremo·

322 904 461 955 nensi,
509 901 751 946 Oldericus*
775 917 795 943 e
830 902 1016 957 iscopus‚
1057 916 1153 943 cum
1181 899 1381 943 Alberico
1412 901 1600 957 quodam
1628 913 1813 943 commu-

318 960 523 1001 tationem
551 958 759 1000 bonorum
775 917 938 1014 fecerit
950 964 979 998 ².

173 1018 226 1054 ⁸1>-
239 1019 306 1046 268·
433 1016 449 1033 *
469 1014 585 1056 Obiit
623 1015 763 1070 iyitur
807 1015 928 1055 intra
978 1014 1384 1070 quinquagesimum
1423 1018 1463 1054 et
1494 1013 1814 1078 seoeaqesimwm

323 1071 479 1112 aetatis
517 1084 702 1120 annum,
743 1071 814 1111 vir
850 1070 1053 1126 inqenio,
1093 1069 1356 1122 eruditione,
1395 1066 1662 1124 eloquentia,
1705 1065 1812 1122 loco,

320 1126 530 1168 historiae
561 1126 632 1167 sui
661 1131 740 1166 tem
774 1127 863 1167 oris
892 1125 1145 1167 scribendae
1184 1124 1297 1166 velut
1331 1130 1476 1166 natus.
1542 1123 1686 1166 Unum
1719 1128 1815 1166 erat

320 1181 438 1238 quod
465 1181 641 1224 veritati
670 1180 721 1236 of
749 1196 839 1223 cere
869 1182 1093 1237 potuisset,
1129 1181 1349 1222 vehemens
1379 1180 1584 1236 partium
1620 1178 1838 1231 studium*

321 1244 358 1279 et
397 1237 543 1279 odium
580 1236 874 1293 Berenyarii;
920 1238 994 1279 cui
1027 1244 1170 1278 tamen
1207 1238 1354 1278 minus
1393 1251 1525 1292 quam
1562 1240 1838 1291 speraretur³

322 1293 536 1335 obnoxius
562 1292 685 1348 fuit,
727 1293 843 1349 quod
879 1294 1008 1349 reyni
1046 1293 1189 1334 Beren
1223 1293 1315 1334 arii
1353 1298 1390 1334 et
1436 1291 1590 1334 Willae
1632 1290 1838 1344 nonnis&

312 1349 550 1404 principia
579 1354 618 1389 et
646 1354 837 1390 eoetrema
867 1350 1035 1405 attiqit;
1067 1355 1105 1390 et
1132 1349 1177 1389 iu
1214 1349 1348 1390 icium
1377 1349 1628 1390 universum
1648 1346 1702 1389 de
1720 1346 1838 1400 σιω-ξ

319 1406 429 1446 vitia
459 1411 497 1445 et
525 1404 762 1460 tyrannide
790 1419 938 1446 eorum
966 1405 1103 1446 latum
1134 1420 1163 1445 a
1192 1404 1481 1460 scriptoribus
1498 1403 1612 1458 fidei
1638 1402 1838 1470 minime}

319 1466 570 1515 suspectae,
620 1460 898 1514 Hrotsuitha‚
954 1460 1222 1502 Widukimlo
1271 1459 1470 1515 aliisque,
1518 1458 1819 1513 confirmatur.

319 1515 471 1581 Neque
500 1517 549 1557 in
579 1514 787 1556 laudibus
810 1518 999 1571 patroni
1028 1517 1101 1557 sui
1127 1516 1296 1557 Ottonis
1316 1515 1366 1569 L,
1389 1517 1542 1570 patris
1561 1517 1656 1558 eius
1677 1514 1814 1557 Hein-

318 1572 417 1623 rici,
457 1577 547 1612 tum
576 1570 821 1625 Mathildis,
861 1571 1065 1613 Heinrici
1101 1572 1242 1624 ducis,
1282 1571 1514 1613 Brunonis
1546 1577 1587 1612 et
1620 1569 1817 1625 Liudoffi

318 1627 566 1669 veritatem³
596 1628 788 1668 eaecessit.
838 1627 957 1669 Idem
988 1628 1039 1669 de
1069 1627 1256 1670 historia
1278 1627 1492 1669 Iohannis
1511 1626 1626 1680 XII„
1656 1625 1815 1669 Leonis

330 1682 446 1725 VIII.
487 1688 525 1723 et
561 1682 790 1724 Benedicti
829 1685 926 1724 anti
961 1698 1074 1738 apae
1114 1683 1294 1735 dimeris,
1334 1683 1424 1724 nisi
1461 1697 1608 1724 eorum
1635 1696 1816 1725 numero

320 1738 514 1780 adscribi
542 1737 659 1790 velis,
690 1739 767 1794 qui
796 1754 893 1780 cum
913 1698 1116 1780 ssaronio
1145 1753 1250 1780 vera
1262 1752 1380 1793 prae
1399 1739 1544 1795 qratis
1565 1752 1616 1780 as
1651 1750 1812 1781 ernan-

318 1799 403 1835 tur.
463 1794 607 1835 Mores
638 1794 760 1835 haud
791 1795 967 1836 omnino
1001 1800 1141 1836 castos
1174 1809 1251 1835 nec
1292 1795 1549 1849 compositos
1586 1752 1814 1850 qg‘renata

319 1864 639 1905 nonnunquam
678 1849 897 1891 scribendi
934 1849 1113 1892 licentia
1149 1855 1188 1891 et
1224 1851 1312 1891 ioci
1349 1849 1561 1892 iuveniles
1601 1863 1657 1891 ar
1687 1855 1814 1892 aunt.

327 1904 478 1947 Oratio
510 1907 639 1958 acris,
671 1906 863 1960 copiosa,
892 1908 1082 1959 variata,
1113 1921 1229 1948 nunc
1260 1905 1401 1947 brevis
1430 1921 1548 1947 nunc
1576 1920 1652 1948 ver
1678 1919 1756 1948 osa
1774 1911 1815 1947 et

318 1961 502 2013 tumida,
517 1960 690 2016 faceta,
720 1961 934 2014 ironica4,
976 1962 1098 2003 haud
1131 1976 1237 2003 raro
1266 1967 1408 2004 tamen
1438 1962 1571 2004 nimis
1596 1960 1815 2016 involuta,

318 2021 357 2057 et
385 2016 671 2070 subobscura;
694 2018 945 2071 posteriora
974 2024 1114 2059 tamen
1145 2032 1292 2073 opera,
1324 2018 1552 2060 historiam
1579 2015 1747 2060 Ottonis
1774 2022 1814 2059 et

318 2070 506 2114 libellum
549 2072 600 2114 de
643 2072 679 2113 le
713 2074 857 2115 atione
900 2072 1405 2128 Constantinopolitana,
1451 2073 1505 2116 ab
1550 2087 1602 2115 ea
1645 2086 1730 2139 quo

311 2134 443 2183 parte
485 2129 630 2185 may‘is
672 2088 941 2170 laudaveris.
1000 2129 1053 2170 In
1097 2129 1375 2184 Antapodosi
1417 2131 1544 2181 enim,
1583 2087 1816 2185 Ρηοτίΐιαῖ

309 2184 554 2239 praecipue
596 2183 749 2237 libris,
793 2184 869 2226 ubi
914 2184 1102 2227 aliorum
1144 2185 1479 2227 narrationibus
1521 2185 1733 2227 innititur
1772 2189 1817 2227 et

317 2241 520 2295 temporis
561 2240 757 2281 ordinem
793 2240 918 2282 haud
953 2255 1058 2283 raro
1095 2255 1147 2282 ne
1179 2240 1297 2292 leoeit,
1332 2255 1386 2282 ecc
1416 2240 1665 2283 auctoribus
1692 2239 1814 2282 locu·

309 2294 501 2351 pletibus
529 2293 822 2337 illustrandus
852 2302 890 2338 et
918 2297 1127 2339 emendan
1163 2303 1241 2338 us⁵
1272 2302 1355 2349 est;
1393 2298 1443 2339 in
1479 2295 1662 2351 reliquis
1700 2296 1811 2352 ipse,

317 2365 338 2392 s
373 2356 532 2393 ectator
561 2352 775 2408 eqreqius,
806 2354 1089 2408 conspicuum
1108 2352 1194 2394 sibi
1212 2351 1352 2394 locum
1371 2351 1582 2403 vindicat,
1610 2351 1816 2408 quamvis

305 2365 482 2462 fb’bulis
511 2412 549 2449 et
578 2406 824 2449 rumoribus
844 2408 893 2449 in
914 2408 1037 2464 vulyi
1056 2422 1127 2450 ore
1147 2407 1422 2450 versantibus
1442 2408 1626 2450 nimiam
1644 2420 1818 2462 semper

306 2462 445 2516 fidem
474 2463 707 2519 adiunyat.
759 2461 865 2506 Cum
894 2464 1035 2519 iqitur
1063 2478 1114 2504 ea
1143 2469 1313 2505 tantum
1337 2464 1563 2520 scripserit
1582 2477 1694 2519 quae
1713 2463 1811 2518 ipse

320 2583 356 2624 1)
374 2582 445 2615 Die
465 2581 522 2615 20.
541 2581 635 2615 Iulii.
653 2581 747 2626 Lupi
767 2582 808 2615 C.
827 2582 875 2615 D.
893 2582 1059 2625 Bergom.
1078 2583 1129 2624 ΙΙ,
1147 2584 1217 2616 302
1229 2596 1237 2625 ;
1250 2584 1348 2618 Mon.
1369 2584 1451 2617 hist.
1468 2586 1560 2626 patr.
1577 2582 1681 2624 XIII,
1699 2579 1809 2616 128⁶·

318 2630 359 2675 2)
384 2631 482 2664 Mon.
509 2631 591 2664 hist.
617 2634 708 2674 patr.
735 2631 837 2672 xm,
871 2631 976 2665 1298.
1017 2632 1124 2664 1300.
1273 2632 1312 2674 3)
1339 2643 1370 2665 e.
1396 2642 1432 2674 g.
1458 2631 1522 2674 lv,
1553 2630 1708 2664 14-13.
1745 2630 1809 2664 ει.

317 2678 358 2723 4)
385 2690 417 2713 ο.
443 2689 478 2722 g.
505 2679 567 2720 IV,
594 2678 653 2711 28.
679 2680 716 2711 in
750 2689 840 2712 nece
869 2679 1070 2722 Giselberti,
1095 2681 1139 2720 V,
1170 2681 1214 2713 15
1246 2682 1284 2713 in
1317 2680 1423 2713 clade
1451 2680 1641 2713 Rusiomm
1673 2677 1808 2713 deseri-

316 2727 446 2761 banda.
547 2728 583 2769 ὀ)
602 2728 645 2760 In
671 2727 819 2760 historia
844 2728 1106 2771 expeditionum
1123 2728 1260 2762 Arnulfi
1287 2739 1330 2762 ex
1346 2729 1439 2762 Ann-
1457 2727 1717 2768 Fuldensibusz
1741 2725 1813 2761 sei

317 2777 427 2810 etiam
452 2776 514 2809 ubi
538 2777 678 2816 erravit,
701 2776 826 2819 Sergio
852 2787 969 2820 papae
995 2778 1153 2811 tribuens
1172 2788 1264 2821 quae
1284 2778 1466 2821 Stephano
1484 2777 1547 2811 VI.
1573 2775 1814 2815 debebantuu

316 2824 389 2859 fide
422 2824 551 2868 dignos
582 2828 692 2858 testes
726 2824 903 2858 consuluit
939 2826 1030 2859 ‘Hoc
1065 2837 1218 2870 namque
1253 2836 1274 2859 a
1308 2826 1586 2869 religiosissimis
1622 2825 1814 2858 Romame

314 2874 414 2908 urbis
438 2874 524 2907 viris
547 2883 720 2918 persaepe
746 2871 877 2906 audivi‘
904 2874 934 2916 1,
959 2875 1017 2909 31.
