1838 3210
238 358 302 386 8⁶8.

172 1080 182 1090 ’
195 1089 223 1114 p.
237 1080 302 1109 852.

322 236 388 267 146
679 233 979 267 LIUDPRANDI
1007 232 1232 268 LEGATIO.
1284 232 1440 267 22—24.

318 360 438 400 nam,
489 344 883 401 Carthaginensem,
931 344 1226 401 Aneyranam,
1282 343 1795 403 Constantinopolim
1816 344 1820 371 ²

317 401 548 445 edicerem:
589 400 689 442 ‘Ha!
721 400 793 441 ha!
822 399 907 442 he!’
943 400 1014 454 ait,
1054 398 1327 443 ‘Saxonicam
1363 399 1505 444 dicere
1540 414 1586 444 es
1624 399 1794 456 oblitus,
1813 416 1822 448 ς

319 473 446 515 quam
477 458 511 499 si
540 471 678 513 rogas,
712 470 788 497 cur
822 456 953 498 nostri
990 455 1156 498 codices
1184 470 1270 499 non
1299 455 1469 511 habent,
1507 455 1659 500 rudem
1687 471 1794 513 esse,
1814 507 1819 515 ὢ

319 521 361 558 et
388 513 443 557 ad
477 528 553 555 nos
583 511 763 555 necdum
794 511 938 554 venire
967 526 1104 568 posse,
1132 512 1394 570 respondeo’.
1816 516 1825 550 ξι

430 570 496 612 22.
548 567 628 611 Cui
671 568 860 632 inquam:
904 567 966 609 ‘In
1010 582 1094 624 quo
1134 569 1324 612 membro
1367 574 1517 626 regnat
1556 567 1831 624 ἰιτιίίιἾιιὶιιιεμ,4

319 625 423 668 illud
470 630 534 667 est
580 630 765 666 cauterio
808 621 1085 668 exurendum.
1157 623 1366 668 Haereses
1416 638 1562 668 omnes
1603 638 1631 668 a
1670 623 1795 668 vobis
1808 637 1830 672 33·

320 687 580 733 emanarunt,
609 694 738 736 penes
766 693 844 721 vos
871 681 1117 735 viguerunt3
1156 694 1183 722 a
1211 680 1354 734 nobis,
1386 680 1433 723 id
1462 686 1526 724 est
1554 679 1793 725 occidenta—

318 737 442 791 libus,
469 737 538 779 hic
568 742 665 777 sunt
693 734 918 791 iugulatae,
956 735 1025 778 hic
1062 743 1159 778 sunt
1195 737 1373 790 occisae,
1429 736 1667 780 Romanam
1703 737 1794 780 sive
1816 743 1822 778 ’ῗ

318 793 567 850 Papiensem
598 791 820 847 synodum,
856 805 1114 848 quamquam
1143 799 1283 835 essent
1310 806 1452 850 saepe,
1489 791 1555 837 his
1582 807 1669 835 non
1697 806 1794 836 oon·
1808 801 1815 811 ·“

318 862 599 891 numeramus.
656 847 872 889 Romanus
904 848 1015 889 enim
1037 847 1226 902 clericus,
1255 847 1527 905 postmodum
1544 847 1822 893 universalis

317 918 442 970 papa,
472 903 716 960 Gregorius,
747 903 819 959 qui
848 918 873 945 a
901 902 1022 945 vobis
1050 903 1288 960 appellatus
1317 910 1382 947 est
1408 903 1633 962 Dialogus,
1660 903 1793 962 Euty-
1814 910 1830 965 J

319 961 461 1004 chium
491 957 1001 1016 constantinopolitanum
1028 959 1311 1016 patriarcham
1330 960 1592 1005 haereticum
1609 958 1666 1003 ab
1685 961 1795 1004 eius-
1811 968 1838 1015 J

317 1016 431 1059 modi
458 1015 619 1058 haeresi
647 1014 854 1057 liberavit.
919 1014 1077 1058 Aiebat
1113 1015 1225 1058 idem
1255 1016 1506 1074 Eutychius,
1545 1031 1626 1060 nee
1654 1014 1792 1060 solum
1811 1020 1838 1075 ζ’,

316 1071 494 1126 *aiebat,
539 1070 613 1114 sed
651 1071 777 1113 etiam
819 1070 1011 1126 docebat,
1054 1070 1278 1126 clamabat,
1322 1072 1600 1130 scriptitabat,
1636 1084 1716 1116 nos
1746 1072 1794 1116 in

316 1128 620 1171 resurrectione
648 1141 733 1168 non
752 1141 910 1182 veram,
942 1142 1069 1184 quam
1090 1127 1158 1169 hic
1178 1128 1394 1183 habemus,
1423 1128 1499 1173 sed
1523 1128 1822 1187 fantastioem3

318 1183 529 1242 quandam
566 1197 735 1225 carnem
778 1191 1087 1240 assumpturos3
1128 1185 1250 1227 cuius
1291 1185 1445 1228 erroris
1482 1183 1592 1228 liber
1625 1198 1654 1227 a
1686 1181 1794 1228 Gre-
1808 1195 1830 1217 '³

316 1241 436 1297 gorio
475 1238 706 1281 orthodoxe
748 1246 812 1281 est
848 1238 1108 1282 combustus.
1169 1240 1256 1283 Sed
1284 1240 1534 1285 Ennodius⁸
1570 1240 1793 1299 Papiensis
1808 1250 1825 1302 ‚ij

315 1297 552 1353 episcopus,
581 1301 753 1352 propter
780 1293 906 1337 aliam
935 1295 1149 1352 quandam
1179 1296 1372 1340 haeresin
1398 1297 1495 1353 huc,
1524 1296 1571 1341 id
1598 1302 1662 1341 est
1681 1296 1812 1341 Con-1

315 1349 638 1408 stantinopolim,
668 1365 694 1392 a
722 1351 912 1394 Romano
943 1358 1006 1394 est
1034 1353 1274 1408 patriarcha
1292 1353 1492 1409 directius,
1521 1366 1651 1411 quam
1680 1366 1808 1396 com-7

315 1422 502 1465 pressam
518 1407 561 1448 in
576 1405 828 1449 catholicam
843 1414 969 1464 atque
990 1407 1270 1451 orthodoxam
1287 1409 1544 1454 reformavit.
1573 1408 1796 1453 Saxonum
1804 1444 1812 1459 ;

315 1478 464 1520 genus,
504 1478 559 1505 ex
598 1477 681 1519 quo
721 1469 912 1505 sanctum
949 1463 1165 1506 lavacrum
1205 1471 1247 1507 et
1282 1465 1351 1508 dei
1388 1466 1556 1523 accepit
1588 1465 1796 1520 notitiam,
1811 1480 1819 1523 ᾗ

315 1518 429 1562 nulla
457 1526 520 1561 est
547 1519 710 1561 haeresi
739 1519 1011 1574 maculatum,
1041 1527 1088 1563 ut
1116 1520 1175 1564 ibi
1206 1521 1394 1578 synodus
1413 1521 1545 1575 fieret,
1576 1535 1663 1588 qua
1681 1522 1819 1564 err‹>·-·¹

314 1590 417 1629 rem,
446 1589 542 1618 cum
571 1573 711 1616 nullus
740 1582 862 1630 esset,
893 1577 1135 1633 corrigeret.
1198 1577 1366 1621 Rudem
1395 1578 1496 1636 quia
1523 1577 1631 1621 dicis
1660 1577 1814 1621 Saxo-

315 1631 441 1674 nibus
481 1645 571 1673 esse
607 1630 748 1686 fidem,
790 1631 835 1673 id
877 1632 1016 1688 ipsum
1055 1640 1097 1676 et
1133 1648 1211 1690 ego
1248 1634 1436 1688 affirmo3
1479 1648 1648 1692 semper
1681 1633 1798 1677 enim

314 1687 430 1744 apud
466 1701 537 1730 eos
578 1685 735 1729 Christi
773 1687 877 1730 fides
916 1688 1035 1730 rudis
1075 1694 1150 1744 est,
1190 1696 1232 1732 et
1259 1705 1346 1733 non
1382 1695 1520 1745 vetus,
1561 1689 1636 1733 ubi
1663 1688 1817 1733 fidem

316 1757 340 1785 o
373 1756 444 1785 era
477 1750 720 1799 sequuntur.
786 1743 870 1786 Hic
910 1743 1015 1787 fides
1054 1759 1139 1787 non
1177 1746 1294 1789 rudis
1333 1746 1408 1790 sed
1445 1752 1569 1790 vetus
1603 1751 1681 1801 est,
1718 1743 1796 1788 ubi

314 1758 441 1841 figem
482 1813 611 1855 opera
647 1814 734 1841 non
772 1800 1040 1852 comitantur,
1085 1801 1160 1844 sed
1204 1803 1325 1859 quasi
1366 1817 1445 1860 pre
1482 1807 1707 1856 vetustate,
1745 1807 1803 1845 ut

314 1854 442 1897 vestis
481 1855 658 1897 contrita
668 1855 700 1909 b,
748 1857 1041 1899 contemnitur.
1118 1856 1206 1901 Sed
1242 1858 1351 1901 hanc
1388 1857 1598 1916 synodum
1662 1878 1666 1894 τ
1731 1876 1806 1902 =··.

316 1924 408 1955 esse
436 1910 481 1951 in
509 1910 697 1953 saxonia
725 1918 839 1954 certo
870 1913 970 1966 scio,
999 1913 1044 1955 in
1073 1928 1158 1971 qua
1176 1919 1402 1958 tractatum
1423 1921 1487 1958 est
1504 1920 1547 1958 et
1564 1914 1803 1968 firmatum,

315 1966 530 2009 decentius
559 1967 728 2010 ensibus
762 1983 952 2024 pugnare
990 1983 1119 2026 quam
1155 1968 1341 2026 calamis,
1376 1977 1419 2014 et
1456 1970 1575 2028 prius
1612 1975 1807 2020 mortem·

316 2021 433 2064 obire
467 2036 594 2079 quam
629 2022 820 2066 hostibus
859 2031 979 2080 terga
1017 2025 1131 2068 dare.
1191 2026 1317 2080 Quod
1345 2025 1412 2070 vel
1445 2033 1544 2069 tuus
1579 2025 1804 2070 exereitus

315 2077 558 2134 experitur?
615 2079 665 2120 In
695 2079 821 2123 corde
850 2095 944 2123 meo
975 2080 1085 2123 dixi:
1124 2086 1178 2124 ‘et
1207 2097 1336 2140 quam
1365 2083 1449 2125 sint
1475 2096 1705 2140 pugnaceS,
1743 2096 1799 2130 re:

316 2133 409 2190 ipsa
435 2134 704 2190 experiatur!'
1803 2144 1805 2146 ’

427 2189 494 2232 23.
536 2190 697 2232 Verum
725 2191 806 2234 hac
834 2192 982 2234 eadem
1011 2192 1094 2247 die,
1122 2201 1220 2250 post
1253 2194 1486 2250 meridiem,
1520 2193 1630 2237 adeo
1657 2194 1766 2258 imp·

317 2251 473 2288 tentem
516 2253 558 2288 et
600 2247 944 2304 transfiguratum
986 2264 1055 2292 me
1098 2250 1323 2293 revertenti
1365 2250 1421 2293 ad
1461 2249 1668 2316 palatium
1709 2248 1800 2294 sib‘

317 2301 506 2357 precepit
533 2315 765 2357 occurrere,
805 2310 852 2346 ut
889 2303 1108 2348 obviantes
1138 2306 1241 2348 mihi
1270 2321 1379 2363 quae
1406 2321 1538 2364 prius,
1574 2306 1622 2349 in
1649 2311 1765 2349 stu-¹

317 2370 407 2399 rem
434 2357 584 2400 mentis
613 2357 809 2401 mulieres
838 2375 1001 2403 versae:
1041 2361 1194 2416 ‘Mana,
1223 2364 1398 2417 mana’⁰‚
1428 2361 1680 2416 clamabant,
1714 2361 1789 2403 mi‘

318 2412 470 2454 seriam
518 2427 656 2456 meam
704 2415 858 2471 pugnis
937 2423 1078 2460 ectora
1120 2424 1269 2461 tunsae
1308 2418 1555 2461 dicerent‘lt
1611 2421 1748 2461 ‘tumn
1780 2439 1798 2462 ι,

317 2468 388 2510 καὶ
420 2469 688 2526 ταλαίπωρε2’
739 2470 842 2525 Cui,
925 2473 1124 2530 icephoro
1164 2474 1326 2517 scilicet
1353 2475 1552 2530 venienti,
1589 2480 1633 2518 et
1666 2470 1796 2516 vob'

317 2521 574 2578 absentibus,
604 2524 707 2590 quid
735 2532 836 2568 tune
865 2529 1058 2571 manibus
1091 2531 1135 2572 in
1164 2529 1326 2573 caelum
1363 2531 1511 2574 erectis
1540 2528 1792 2596 optaverim

316 2579 536 2635 proveniat
570 2582 748 2623 utmam!
794 2582 880 2625 Sed
922 2584 1025 2626 mihi
1062 2585 1189 2628 velim
1225 2586 1420 2640 credatis,
1460 2585 1516 2629 ad
1549 2600 1683 2628 nsum
1719 2599 1794 2626 ma

316 2926 346 2961 ι)
367 2928 502 2955 enodius
523 2930 553 2957 0.
576 2931 732 2958 Ennodins
754 2933 932 2960 Gioeebroem.
973 2935 1003 2969 b)
1026 2939 1200 2970 contempta
1221 2938 1249 2964 C.
1290 2936 1317 2971 c)
1338 2938 1369 2964 id
1390 2940 1444 2971 est,
1465 2940 1562 2965 mater
1580 2939 1679 2964 mater
1699 2936 1741 2962 B
1822 2911 1832 2927 ι

316 2965 347 3000 d)
366 2967 532 2996 Dicebatur
551 2970 579 2997 0.
601 2971 735 2998 dicerent
756 2972 935 2999 Gioeebrecm.
