1838 3210
1816 155 1837 197 Ξ

298 237 319 270 8
559 237 862 272 LmDPRAum
886 237 1234 273 ANTAPODOSIS.
1284 238 1434 272 L1s.1.
1489 238 1545 274 ιι.
1820 255 1836 285 Ξ

122 359 288 388 sse-912.
302 349 506 392 memoria
534 349 706 414 risuque
743 348 893 405 dignas
931 350 1030 406 egit,
1066 350 1263 392 inserere.
1323 343 1837 408 Constantinopolitanae

302 403 418 459 urbs,
448 419 557 461 quae
586 419 705 462 prius
734 405 986 459 Bizantium,
1022 419 1134 447 nova
1161 419 1275 447 nunc
1313 405 1470 448 dicitur
1497 406 1646 460 Roma,
1682 405 1793 450 inter
1822 408 1837 458 Ξῖ

299 460 586 503 ferocissimas
615 468 762 525 gentes
795 467 859 502 cst
882 462 1123 504 constituta.
1173 460 1316 503 Habet
1337 461 1498 559 quippe
1517 460 1572 504 ab
1592 459 1792 520 aquilone
1822 457 1838 525 ’ᾖ

301 516 404 558 Hun
436 516 560 569 arios,
592 517 835 570 Paenacos,
867 515 1093 570 Chazaros,
1115 517 1269 559 Rusios
1290 531 1397 574 quos
1419 531 1443 559 a
1461 517 1502 560 io
1521 532 1600 560 nos
1618 517 1792 561 nomine
1822 523 1838 575 ’ἐξ

301 571 392 613 Nor
423 585 601 614 mannos
645 571 892 628 apellamus,
942 578 1070 629 atque
1101 571 1326 629 Bulgarios
1357 573 1536 615 nimium
1574 571 1657 616 sibi
1690 573 1793 616 vici-

300 641 398 680 nos3
428 627 482 670 ab
514 628 672 670 oriente
702 627 894 683 Bagdas3
934 628 1044 670 inter
1073 628 1276 671 orientem
1315 635 1357 671 et
1394 628 1614 671 meridiem
1643 628 1794 687 Egipti
1822 638 1838 705 Ξ

300 681 665 739 Babiloniaeque⁸¹
708 682 889 736 incolas3
933 697 959 724 a
997 683 1175 726 meridie
1218 699 1319 727 vero
1357 684 1549 726 Africam
1583 683 1712 728 habet
1749 690 1794 728 et
1820 706 1838 742 Ξ

300 738 559 781 nominatam
589 738 704 780 illam
732 739 911 781 nimium
941 739 1127 781 vicinam
1149 740 1314 797 sibique
1335 740 1589 783 contrariam
1609 739 1792 784 insulam
1817 743 1838 793 ῑ

302 793 440 837 Crete.
501 794 678 837 Caetere
706 808 808 837 vero
839 809 948 851 quae
978 801 1076 837 sunt
1104 796 1183 839 sub
1213 796 1363 838 eodem
1393 795 1563 839 climate
1585 796 1793 852 nationes,
1817 809 1838 837 s

301 848 477 892 Armeni
517 849 689 903 scilicet,
733 851 896 905 Perses,
939 850 1136 904 Chaldei,
1179 851 1356 908 Avasgi,
1399 851 1498 895 huic
1536 851 1792 896 deserviunt.
1816 840 1838 911 J}

301 904 470 947 Incolae
500 905 683 962 denique
713 907 895 949 civitatis
925 906 1064 960 huius,
1095 909 1205 950 sicut
1233 914 1488 950 memoratas
1517 916 1667 965 gentes
1685 907 1792 951 divi·

302 961 384 1015 tiis,
413 961 473 1003 ita
501 962 628 1003 etiam
659 962 868 1018 sapientia
898 962 1224 1019 superexellunt.
1283 964 1415 1006 Moris
1478 964 1609 1022 uippe
1644 977 1793 1007 eorum

303 1022 378 1070 est,
417 1032 470 1059 ne
500 1032 526 1058 a
554 1017 705 1059 vicinis
744 1017 942 1073 gentibus
982 1018 1288 1083 obprimantur,
1333 1019 1510 1076 singnis
1553 1019 1794 1077 quibusque
1822 1018 1837 1071 ,ἶ

301 1071 499 1114 noctibus
529 1087 606 1128 per
634 1074 762 1115 totius
792 1074 973 1116 civitatis
1002 1073 1178 1129 bivium,
1207 1075 1392 1130 trivium,
1424 1075 1795 1142 quadruviumque

302 1135 487 1170 armatos
516 1127 670 1171 milites
700 1143 830 1171 causa
859 1129 1159 1172 custodiendae
1189 1131 1383 1183 civitatis,
1414 1132 1488 1188 qui
1517 1145 1612 1174 eam
1641 1131 1793 1188 invigi-
1819 1162 1835 1185 Ξ

303 1183 401 1236 lent,
443 1198 613 1240 ponere.
672 1185 841 1241 Fitque,
883 1191 930 1227 ut
973 1186 1008 1227 si
1052 1192 1150 1242 post
1193 1186 1490 1242 crepusculum
1534 1200 1792 1245 quemquam
1816 1193 1836 1243 3

303 1238 646 1282 deambulantem
681 1239 824 1297 aliquo
863 1241 1059 1283 custodes
1098 1242 1366 1296 offenderint,
1412 1250 1564 1300 captus
1602 1243 1834 1300 protinus

302 1294 637 1352 verberibusque
676 1311 812 1349 cesus,
849 1296 1041 1339 custodia
1077 1296 1286 1354 pervigili,
1325 1298 1605 1356 compedibus
1632 1299 1678 1341 in
1706 1313 1795 1342 car-

303 1364 398 1392 cere
428 1351 614 1403 strictae,
644 1365 694 1393 us
726 1366 779 1394 ue
808 1352 853 1393 in
883 1352 1110 1394 erastinum
1149 1354 1203 1395 ad
1242 1353 1461 1409 publicum
1491 1353 1793 1412 producendus

303 1413 505 1448 servetur.
563 1406 660 1448 Hoc
720 1408 873 1464 enique
902 1414 1028 1464 pacto
1057 1423 1143 1450 non
1173 1408 1310 1451 solum
1336 1410 1391 1453 ab
1410 1410 1616 1465 hostibus,
1644 1425 1796 1454 verum
1817 1417 1833 1465 [Γῖ-

304 1461 432 1503 etiam
461 1476 487 1503 a
515 1460 748 1505 latronibus
778 1462 913 1505 inlesa
942 1464 1092 1506 civitas
1122 1465 1369 1507 custoditur.
1426 1465 1516 1508 Leo
1543 1467 1688 1524 itaque
1715 1467 1795 1509 im-
1818 1464 1834 1512 ἶ,

302 1523 472 1572 perator
518 1523 726 1573 augustus
779 1518 959 1575 vigilum
1016 1519 1143 1562 fidem
1200 1522 1565 1579 constantiamque
1611 1521 1796 1579 probare
1820 1524 1833 1589 Ξ

302 1570 461 1626 volens,
478 1572 591 1615 solus
606 1581 704 1629 post
717 1574 1017 1631 crepusculum
1034 1590 1057 1617 e
1072 1575 1229 1640 palatio
1246 1576 1521 1631 descendens,
1541 1577 1598 1620 ad
1611 1578 1796 1635 primam
1821 1589 1833 1629 ἕ

302 1629 498 1683 pervenit
527 1629 776 1671 custodiam.
826 1629 964 1682 Quem
985 1637 1031 1672 ut
1050 1630 1201 1687 wgiles
1221 1631 1454 1688 fugientem
1475 1639 1518 1676 et
1535 1634 1657 1691 quasi
1675 1640 1794 1678 mem
1816 1618 1835 1706 Ξ

304 1697 348 1724 se
388 1682 671 1726 declinantem
708 1685 920 1740 viderunt,
966 1686 1329 1742 comprehensum,
1374 1689 1469 1745 quis
1503 1695 1615 1732 esset
1653 1700 1833 1747 quove&

300 1745 509 1794 pergeret,
548 1740 876 1796 interrogarunt.
936 1741 1034 1795 Qui,
1074 1757 1097 1784 e
1126 1742 1269 1785 multis
1302 1758 1435 1786 unum
1465 1758 1510 1787 se
1539 1760 1631 1788 esse
1660 1751 1703 1788 et
1729 1744 1793 1788 lu-
1816 1735 1834 1802 Ξ

300 1807 435 1849 panar
462 1802 618 1850 petere,
650 1796 772 1838 dixit.
832 1796 914 1839 Cui
942 1811 1064 1839 mox:
1100 1797 1271 1841 ‘Cesum
1302 1806 1343 1841 te
1371 1800 1551 1855 acriter’,
1579 1801 1793 1866 inquiunt,
1815 1803 1834 1879 3

302 1849 680 1907 ‘compedibusque
716 1853 909 1895 strictum
945 1867 1080 1909 usque
1110 1854 1155 1895 in
1184 1855 1414 1896 crastinum
1452 1857 1713 1900 reservabm
1766 1858 1791 1899 ’.
1817 1877 1833 1896 κ

302 1903 468 1957 Quibus
497 1906 738 1963 respondit:
769 1912 837 1962 ‘un
867 1907 1048 1965 ἆδελφοῐ
1078 1924 1145 1963 μη,
1174 1911 1234 1951 mi
1263 1909 1389 1952 adelfi
1408 1912 1492 1965 mi’,
1522 1912 1639 1977 quod
1665 1913 1830 1970 inter··5

298 1966 510 2016 pretatur:
561 1967 857 2027 ‘nequaquam,
901 1964 1070 2018 fram-es,
1114 1980 1406 2022 nequaquam,
1450 1968 1632 2024 accipite
1674 1967 1832 2026 quod

298 2022 436 2072 porto,
472 2020 703 2073 permittite
738 2021 798 2061 ire
829 2034 912 2076 quo
942 2019 1064 2062 volo’.
1125 2020 1209 2073 Qui
1247 2022 1471 2064 duodecim
1500 2024 1690 2080 acceptis
1717 2038 1792 2068 au·
1813 2026 1838 2054 Ὗ

298 2071 396 2126 reis,
428 2087 525 2115 eum
553 2074 748 2130 protinus
788 2075 1050 2120 dimiserunt.
1108 2076 1214 2119 Inde
1243 2092 1345 2119 vero
1384 2080 1606 2134 transiens,
1643 2078 1699 2122 ad
1728 2094 1792 2123 se-

299 2127 482 2169 cundam
510 2129 626 2172 venit
661 2130 911 2173 custodiam.
971 2130 1067 2184 Quo
1134 2132 1465 2175 uemadmodum
1502 2140 1545 2176 et
1571 2135 1618 2176 in
1682 2135 1794 2179 rima

299 2189 461 2239 eaptus,
493 2183 687 2242 datisque
717 2185 808 2228 XX
837 2186 976 2228 aureis
1007 2193 1070 2229 est
1128 2188 1311 2230 imissus.
1359 2189 1431 2231 Ad
1449 2190 1616 2233 tertiam
1667 2190 1794 2235 einde
1813 2201 1827 2246 j]

298 2236 400 2279 dum
439 2240 634 2294 venisset,
675 2248 740 2283 est
775 2249 944 2298 captus:
988 2257 1136 2285 verum
1165 2258 1250 2286 non
1280 2251 1328 2286 ut
1354 2245 1493 2300 primo
1522 2259 1574 2287 ac
1603 2244 1793 2290 secundo
1808 2255 1822 2278 «Γ

298 2291 407 2335 datis
436 2297 576 2337 aureis
607 2302 671 2338 est
700 2296 921 2352 dimissus3
962 2298 1037 2340 sed
1070 2298 1223 2341 ablatis
1254 2300 1464 2354 omnibus,
1494 2301 1791 2359 compedibus·
1812 2338 1816 2342 ,

298 2362 382 2446 que
411 2351 598 2405 graviter
625 2353 804 2406 strictus,
834 2354 991 2409 pugnis
1021 2353 1251 2411 flagrisque
1270 2355 1346 2397 diu
1364 2355 1626 2411 verberatae,
1651 2363 1814 2402 custo-⁷

327 2404 370 2445 ia
407 2419 543 2461 usque
582 2406 625 2448 in
665 2409 894 2450 crastinum
932 2409 1232 2464 producendus
1271 2418 1476 2454 servatur.
1533 2411 1617 2455 His
1645 2413 1822 2470 itaque

298 2459 626 2515 discedentibus,
665 2462 885 2505 custodem
922 2464 1153 2520 imperator
1189 2466 1243 2507 ad
1274 2481 1366 2509 sese
1396 2467 1579 2510 carceris
1607 2481 1822 2511 venans:r

299 2519 405 2571 ’φιλε
436 2531 528 2571 μου,
558 2517 627 2559 file
657 2520 755 2572 mu’,
814 2518 900 2560 uod
930 2528 994 2561 est
1022 2521 1171 2563 ‘amice
1200 2519 1283 2576 mi’,
1313 2523 1464 2579 inquit,
1493 2523 1693 2566 ‘Leonem
1712 2524 1826 2572 ἰω-,ζ

296 2577 534 2626 peratorem
554 2573 733 2615 nostin'?
777 2578 787 2600 ‘
834 2575 900 2627 ui’,
931 2574 1037 2628 infit,
1059 2580 1267 2620 ‘nosscere
1286 2579 1460 2634 possim,
1482 2593 1610 2636 quem
1629 2579 1793 2623 vidisse
1803 2584 1826 2634 ξ

298 2640 366 2668 me
403 2641 489 2669 non
527 2629 824 2671 meminerim?
871 2629 941 2671 Ad
976 2629 1197 2695 publicum
1237 2647 1350 2687 sane,
1387 2647 1484 2676 raro
1515 2635 1810 2692 quamquam,3·

298 2680 399 2723 dum
466 2683 640 2737 recedit,
671 2699 696 2726 a
733 2683 871 2741 longe,
916 2700 1016 2741 qma
1052 2694 1227 2743 propter
1263 2703 1442 2753 nequeo,
1472 2703 1569 2731 cum
1607 2690 1812 2747 intueor,

298 2736 450 2779 mirabi
468 2753 491 2781 e
511 2739 713 2795 quiddam
733 2747 775 2782 et
794 2755 880 2782 non
899 2740 1114 2783 hominem
1135 2743 1277 2786 videre
1297 2745 1458 2787 videor.
1506 2745 1623 2788 Dare
1642 2751 1816 2790 autem

298 2880 327 2915 ι)
349 2881 598 2915 babilioniseque
621 2886 647 2910 1.
