1838 3210
381 230 684 265 LIUDPRANDI
709 229 936 264 LEGATIO.
986 229 1143 263 ³9-40.
1450 231 1516 263 153

31 343 166 399 ··'vat;
205 358 315 401 quae
344 343 428 386 sint
454 341 608 396 futura,
643 356 694 385 eo
732 341 1022 399 imperitante,
1059 347 1275 398 tempora3
1314 356 1424 399 pax,
1461 358 1514 386 an
1529 354 1596 382 ⁹⁶⁸.

38 399 64 411 “
79 398 241 454 ‚ultas3
272 397 483 443 secundae
513 397 822 441 Saracenorum
850 411 942 452 res,
975 411 1031 440 an
1066 397 1283 440 adversae.
1340 398 1517 455 Legitur

28 464 66 486 ³-
100 470 186 510 ·ue,
201 454 328 498 huius
346 454 578 512 Nicephori
593 452 856 511 temporibus
875 454 1074 510 Assyrios
1095 453 1270 496 Graecis
1290 468 1376 496 non
1391 470 1516 511 posse

60 532 89 548 zv:
121 519 237 566 tere,
266 511 463 568 huncque
491 510 711 567 septennio
740 517 905 553 tantum
933 511 1131 564 vivere13
1161 516 1259 567 post
1287 510 1407 552 cuius
1429 511 1517 554 obi-

40 590 49 601 .
87 588 108 605 ..
146 568 445 625 imperatorem
472 566 552 609 isto
582 565 833 610 deteriorem
860 592 917 599 —
945 566 1020 609 sed
1049 566 1176 609 timeo
1203 565 1318 624 quod
1337 566 1517 610 inveniri

36 632 115 667 ἰοιι
142 623 278 681 possit
305 649 361 656 --
389 630 432 666 et
459 637 502 664 m
562 623 596 665 's
624 621 838 665 imbellem
867 622 1023 665 debere
1043 637 1237 679 surgere3
1269 623 1390 665 cuius
1411 629 1515 666 tem-

42 701 76 718 ιι
109 679 206 723 ‘bus
233 678 452 737 prevalere
481 678 534 721 de
566 684 639 721 ent
665 678 772 722 adeo
801 677 986 735 Assyrii,
1023 686 1071 722 ut
1106 679 1150 721 in
1186 677 1516 722 Chalcedoniam

40 749 176 790 ›0ue,
246 750 326 778 uae
365 734 494 778 distat
522 733 887 800 Constantinopoli
924 733 1039 777 haud
1076 734 1225 791 longe,
1263 737 1515 792 potestative

38 811 70 829 ιι
94 799 182 835 ·cta
239 790 394 835 ebeant
422 791 624 834 obtinere.
675 790 958 834 Considerant
976 792 1090 833 enim
1111 791 1280 848 utrique
1300 799 1384 834 tem
1420 806 1514 846 ora;

32 868 45 895 ,ν
70 869 76 885 ·
97 868 101 884 ··
143 847 377 913 eademque
396 862 442 890 re
464 847 619 891 Graeci
638 847 811 890 animati
831 847 1124 904 insequuntur,
1147 846 1346 890 Saraceni
1398 863 1516 905 espe-

57 904 106 947 fi
125 918 210 946 non
229 910 475 957 resistunt⁸3
495 910 663 960 tempus
683 910 970 959 expectantes,
990 917 1090 945 cum
1116 911 1158 947 et
1186 903 1270 960 ipsi
1289 904 1516 961 insequan-

27 989 29 994 .
57 981 62 997 ·
97 992 109 1014 ,
140 958 296 1003 Graeci
325 960 492 1002 interim
521 974 608 1002 non
635 959 843 1002 resistant.

30 1026 31 1030 ’
140 1017 210 1059 40.
270 1015 357 1059 Sed
384 1015 646 1081 Hippolytus
675 1014 847 1072 quidam
870 1014 1101 1058 Siciliensis
1122 1015 1348 1072 episcopus
1368 1016 1516 1059 eadem

40 1106 42 1108 .
101 1072 200 1129 'psit
240 1078 283 1115 et
320 1071 373 1115 de
408 1072 586 1129 imperio
629 1078 771 1115 vestro
810 1077 853 1114 et
894 1078 1019 1128 gente
1061 1079 1206 1114 nostra
1233 1098 1290 1103 ——
1325 1080 1515 1116 nostram

41 1142 141 1172 ·unc
169 1127 267 1171 dico
297 1142 478 1182 omnem,
508 1142 616 1186 quae
644 1127 724 1170 sub
753 1133 894 1170 vestro
923 1128 1103 1184 imperio
1133 1135 1208 1181 est,
1238 1135 1408 1184 gentem
1437 1145 1514 1183 —3

32 1190 154 1237 [mue
191 1185 354 1227 utinam
390 1198 539 1227 verum
577 1184 643 1239 sit,
680 1183 795 1241 quod
832 1183 886 1226 de
925 1182 1193 1240 presentibus
1228 1184 1398 1241 scripsit
1435 1185 1515 1228 iste

41 1241 303 1298 Ἥροτίῑιιιε.
362 1239 554 1295 Caetera,
584 1247 632 1283 ut
661 1240 844 1306 scripsit,
880 1247 979 1283 sunt
1012 1255 1148 1298 usque
1177 1239 1262 1283 huc
1293 1240 1515 1298 completa,

34 1295 387 1339 emadmodum
446 1311 492 1339 er
519 1297 634 1354 ipsos
678 1310 752 1353 qui
781 1296 932 1338 horum
962 1294 1165 1339 librorum
1194 1297 1414 1339 scientiam
1443 1296 1515 1340 ha-

41 1376 44 1381 ·
68 1360 139 1407 mt,
169 1352 327 1396 audivi.
426 1360 442 1396 t
470 1367 525 1395 ex
554 1367 597 1394 m
644 1353 696 1395 tis
726 1353 817 1395 eius
857 1352 982 1395 dictis
1015 1367 1146 1395 unum
1177 1351 1223 1394 id
1251 1352 1515 1409 proferamus

53 1433 58 1444 ·
98 1408 300 1452 medium.
355 1407 433 1453 Ait
460 1409 573 1452 enim
603 1423 715 1451 nunc
744 1406 1000 1465 completum
1028 1409 1080 1451 iri
1109 1409 1377 1466 scripturam,
1407 1424 1515 1468 quae

34 1464 148 1508 ’citt
194 1466 296 1508 λέων
324 1467 395 1508 καὶ
425 1467 594 1518 οκίμνος
624 1464 931 1518 ὁμοδιώξουοιν
960 1462 1149 1521 ὄναγρον.
1209 1463 1400 1508 'Graece
1440 1466 1513 1509 ita.

41 1551 46 1566 2
89 1521 223 1564 tinum
266 1529 408 1565 autem
452 1522 535 1565 sic:
583 1521 685 1564 ‘Leo
724 1529 766 1564 et
802 1519 965 1563 catulus
1007 1520 1132 1563 simul
1172 1521 1515 1565 exterminabunt

90 1608 127 1629 s·
201 1576 256 1619 ι’.
315 1576 449 1621 Cuius
478 1578 770 1635 interpretatio
809 1577 1043 1620 secundum
1075 1577 1286 1620 Graecos:
1335 1578 1438 1632 Leo,
1468 1579 1512 1621 id

51 1688 54 1691 ψ
130 1638 141 1651 “
163 1647 405 1676 omanorum
434 1634 523 1676 sive
544 1632 807 1677 Graecorum
836 1634 1080 1691 imperator,
1108 1640 1150 1676 et
1178 1633 1354 1689 catulus,
1383 1635 1513 1677 an-

139 1709 161 1727 n
203 1688 361 1733 seilicet
388 1704 489 1745 rex,
528 1689 653 1732 simul
682 1689 748 1732 his
777 1690 1044 1747 presentibus
1083 1690 1347 1747 temporibus
1377 1699 1513 1734 exter-

94 1767 101 1781 ι
120 1745 246 1789 bunt
284 1760 504 1803 onagrum,
539 1746 583 1789 id
621 1754 685 1790 est
720 1746 1028 1789 Saracenorum
1071 1761 1216 1803 regem
1251 1745 1512 1790 Africanum.

60 1822 83 1843 ιι
104 1821 138 1837 :-
174 1801 464 1859 interpretatio
494 1817 543 1845 eo
574 1802 676 1845 mihi
704 1817 806 1845 vera
835 1816 919 1844 non
948 1802 1126 1856 videtur,
1158 1803 1360 1860 quoniam
1385 1802 1451 1846 leo
1472 1811 1515 1847 et

49 1859 61 1893 ἰ
74 1857 200 1912 tulus,
246 1859 439 1916 quamvis
483 1857 664 1916 disparis
707 1858 1025 1915 magnitudinis,
1071 1859 1195 1901 unius
1235 1867 1377 1902 tamen
1416 1867 1514 1903 sunt

237 1922 280 1958 et
316 1930 336 1958 s
369 1915 473 1958 ecici
509 1930 585 1957 seu
623 1915 775 1970 moris3
812 1922 939 1972 atquc
976 1922 1026 1958 ut
1062 1914 1164 1957 mihi
1202 1929 1298 1958 mea
1337 1916 1513 1959 scientia

38 1977 234 2024 agent,
274 1971 310 2014 si
360 1985 410 2014 eo
445 1970 710 2014 Graecorum
748 1971 990 2028 imperator,
1029 1971 1333 2014 inconveniens
1362 1980 1437 2026 est,
1466 1980 1514 2015 ut

59 2046 61 2050 ¹
103 2045 109 2062 ·
137 2041 187 2069 us
217 2027 272 2070 sit
298 2026 561 2070 Francorum
590 2042 680 2070 rex.
738 2027 946 2081 Quamvis
979 2028 1090 2071 enim
1121 2028 1290 2085 utrique
1320 2026 1512 2071 homines

56 2089 119 2137 ·t,
161 2083 273 2125 sicut
307 2081 373 2126 leo
413 2090 456 2126 ct
490 2082 654 2126 catulus
691 2091 868 2141 uterque
911 2083 1132 2139 animalia,
1177 2084 1334 2126 distant
1370 2091 1511 2127 tamen

33 2145 38 2148 ’
77 2137 214 2182 ·ribus
243 2146 419 2194 tantiun,
449 2154 533 2182 non
563 2139 660 2183 dico
689 2139 825 2182 solum
886 2148 1060 2183 uantum
1091 2155 1111 2182 s
1143 2140 1254 2183 ecies
1275 2155 1294 2182 s
1327 2140 1510 2194 eciebus,

40 2216 84 2246 Ν·
131 2203 335 2253 quantum
375 2194 590 2239 sensibilia
625 2194 860 2240 insensibili
892 2211 956 2238 us.
1015 2195 1124 2239 Catu
1143 2211 1192 2239 us
1230 2210 1255 2237 a
1307 2211 1412 2240 eone
1450 2195 1511 2239 nil

64 2272 90 2289 Ἰι
130 2258 320 2309 tempore
348 2250 488 2306 distat,
519 2251 655 2295 forma
683 2252 848 2303 eadem,
888 2251 1028 2295 rabies
1058 2267 1154 2307 una,
1190 2252 1354 2305 rugitus
1384 2252 1509 2295 idem.

60 2321 283 2350 «meorum
326 2321 404 2350 rex
439 2308 640 2362 crinitus,
683 2309 917 2361 tunicatus,
962 2309 1219 2363 manicatus,
1261 2309 1510 2364 teristratus,

74 2384 83 2399 ι
100 2362 217 2418 dax,
247 2362 432 2418 dolosus,
461 2364 771 2415 immisericors,
802 2363 1016 2422 vulpinus,
1046 2365 1268 2422 superbus,
1298 2363 1405 2407 falso
1435 2364 1509 2408 hu-

38 2438 68 2470 ,ι
97 2419 144 2473 ’,
173 2434 341 2477 parcus,
378 2419 574 2478 cupidus,
612 2419 709 2464 allio
739 2435 843 2477 cepe
873 2428 915 2463 et
983 2421 1087 2463 orris
1126 2436 1323 2475 vescens,
1359 2420 1510 2465 balnea

42 2522 51 2537 -,
68 2472 224 2530 bens²;
261 2475 522 2519 Francorum
555 2492 632 2520 rex
666 2485 814 2520 contra
850 2475 948 2534 pulc
1002 2491 1024 2519 e
1063 2484 1223 2531 tonsus,
1257 2493 1283 2520 a
1313 2476 1508 2520 muliebri

204 2541 320 2575 veste
350 2531 553 2586 diversus,
594 2531 784 2589 pileatus,
814 2547 961 2588 verax,
996 2531 1054 2575 nil
1083 2532 1169 2576 doli
1198 2532 1371 2589 habens,
1406 2534 1507 2577 satis

78 2586 93 2630 i
122 2588 325 2645 competit
364 2588 616 2642 misericors,
653 2603 826 2632 severus
866 2589 939 2633 ubi
977 2597 1167 2655 oportet,
1202 2604 1370 2647 semper
1408 2605 1507 2633 vere

50 2687 55 2696 ,,
124 2642 202 2698 ilis,
230 2658 449 2702 nunquam
479 2659 647 2703 parcus,
690 2660 775 2688 non
803 2644 900 2688 allio
930 2660 1046 2703 cepis
1075 2646 1212 2703 porris
1240 2661 1430 2700 vescens,
1461 2654 1507 2689 ut

102 2772 109 2780 .
132 2752 255 2779 taurim
277 2760 340 2780 nou
363 2754 502 2780 renuunt
522 2755 551 2781 C.

84 2839 263 2885 Regnavit
288 2839 509 2885 Nic-ephorus
535 2838 619 2875 inde
645 2851 668 2874 a
694 2840 752 2875 dio
773 2841 829 2875 16.
849 2845 941 2886 Aug.
967 2853 1014 2876 m.
1037 2842 1107 2875 963
1135 2852 1247 2886 usque
1274 2841 1319 2875 nd
1342 2844 1397 2876 11.
1416 2843 1507 2877 Dec.

43 2933 59 2942 „
95 2889 176 2923 96⁹.
277 2890 317 2934 Ξ)
342 2890 367 2924 i.
394 2900 425 2925 ο.
451 2891 570 2924 vinum
596 2900 691 2934 squ·
717 2891 939 2935 permixtum,
966 2891 1012 2925 cs.
1039 2891 1131 2925 infra
1157 2902 1188 2925 c.
1216 2891 1275 2926 68.
1302 2891 1359 2924 66.

1529 1473 1537 1484 “
1549 1483 1578 1509 p.
1592 1474 1660 1503 85⁶.
