1838 3210
242 351 305 378 ⁹³9⁴

239 1016 311 1052 (11.)

141 1240 189 1266 Pu.
205 1238 252 1271 8³,
267 1239 312 1265 17.

184 1635 231 1670 ’μ
245 1637 311 1663 322.

121 2404 139 2430 ἱ
163 2403 232 2431 Cor.
246 2404 273 2439 5,
288 2406 314 2431 1.

323 223 368 255 90
517 219 816 253 LIUDPRANDI
844 216 1190 252 ANTAPODOSIS.
1242 216 1335 250 Lm.
1363 216 1426 250 1v.
1477 217 1633 251 23-24.

323 346 444 375 secus
476 331 760 374 Gislebertum
791 345 815 371 a
845 329 956 385 regis
986 328 1070 371 fide
1091 329 1311 384 seiungere
1332 326 1477 383 valuit,
1509 327 1645 372 donec
1665 342 1815 387 regem

323 403 420 431 eum
456 402 501 430 se
544 386 750 429 facturum
791 385 997 442 promisit.
1066 382 1331 427 Gislebertus
1373 390 1516 427 autem
1560 383 1738 428 Heinric
1780 405 1815 423 n>-

324 445 402 486 hac
432 451 532 486 arte*
551 442 747 499 decipere
778 440 923 494 voluit,
955 448 1002 483 ut
1031 439 1134 482 (lum
1165 453 1242 481 suo
1271 438 1484 483 adiutorio
1502 454 1648 498 regem
1668 440 1814 485 devin‘⁴

325 506 457 554 ccx-ct,
507 500 518 540 i
553 513 646 540 sum
695 497 946 548 deioncrct,
1003 495 1170 553 sibique
1219 495 1340 551 regni
1387 494 1541 539 solium
1589 495 1795 541 obtinere

324 555 483 598 Verum
535 511 813 596 {aeverarcius
852 551 977 607 longe
1007 550 1128 594 aliter
1158 550 1434 608 disposuerat.
1501 550 1648 596 Voluit
1694 572 1815 597 ιιυ,

324 612 358 653 si
390 626 531 666 regem
569 616 712 666 posset
751 608 989 661 devincere,
1025 615 1228 664 utrosque
1268 621 1400 664 regno
1438 607 1608 664 privare
1644 605 1821 666 sibiqu

323 681 541 723 usurpare,
572 664 930 722 quemadmodum
961 678 1015 705 ex
1045 662 1189 706 verbis
1219 663 1367 719 ipsius,
1403 677 1513 720 quae
1541 662 1670 721 paulo
1696 671 1813 708 ante}

355 737 452 764 uam
474 728 708 763 moreretur
737 721 861 762 uxori
891 734 994 761 suae
1015 719 1136 772 dixit,
1168 718 1363 762 conicere
1383 733 1625 775 possumus.
1669 719 1818 775 Quam

325 737 425 820 ilum
456 777 617 820 foveret
645 777 688 818 in
718 777 829 818 sinu:
860 774 1137 828 ‘Iucundare',
1167 774 1318 846 inquit,
1354 775 1410 817 ‘in
1439 775 1603 832 gremio
1632 775 1819 834 comitis¹

325 833 444 876 brevi
484 832 687 875 laetatura
724 832 767 873 in
809 830 1078 896 amplexibus
1114 830 1250 887 regis.
1318 830 1446 884 Quod
1483 845 1570 874 non
1607 832 1668 875 ita
1704 831 1799 875 aeci

327 888 438 932 disse
478 895 520 931 et
554 889 819 945 iniquitatem
860 887 939 929 sibi
979 888 1197 930 mentitam
1236 901 1341 940 esse,
1385 892 1618 944 tempestas
1656 886 1817 931 indica>

325 959 512 1001 presens.
1806 958 1812 963 ·

438 1001 504 1043 24.
562 999 711 1056 Igitur,
751 1006 798 1041 ut
836 999 987 1055 prefati
1032 1013 1200 1052 sumus,
1246 998 1493 1042 huiusmodi
1534 999 1822 1057 promissionq

325 1057 536 1099 animatus
564 1057 694 1097 immo
724 1055 940 1111 deeeptus,
973 1053 1148 1097 collecto
1191 1055 1393 1107 exercitu,
1433 1069 1532 1098 cum
1572 1053 1747 1099 Gislebe
1798 1073 1815 1092 ι’

325 1113 483 1169 pariter
511 1117 638 1168 atque
668 1110 917 1153 Heverardo
946 1111 1038 1167 regi
1064 1116 1293 1167 preparant
1311 1108 1485 1153 bellum.
1529 1110 1648 1165 Quos
1668 1124 1771 1155 con·
1811 1126 1815 1164 j

325 1182 402 1211 rex
431 1173 631 1225 properat
659 1165 806 1220 laetus,
835 1181 921 1208 non
951 1181 1097 1209 eorum
1137 1166 1406 1210 multitudine
1435 1167 1619 1221 territus,
1657 1165 1734 1211 sed
1761 1166 1838 1224 dg

326 1224 395 1267 dei
424 1225 580 1280 pictate
611 1222 807 1265 confisus.
878 1222 964 1265 Sed
1001 1229 1048 1265 ut
1076 1223 1199 1275 scias,
1237 1236 1366 1279 quam
1403 1221 1528 1266 facile
1561 1228 1627 1266 est
1660 1222 1742 1267 deo
1773 1223 1808 1234 ”
1837 1225 1838 1228 ’

326 1281 474 1337 paucis
503 1278 645 1335 plures
675 1279 858 1331 vincere,
898 1285 940 1321 et
969 1278 1084 1335 quod
1114 1279 1341 1335 quisquam
1371 1279 1415 1320 in
1443 1277 1707 1322 abundantia
1764 1279 1775 1289 ”
1801 1290 1804 1291 ’

327 1336 429 1378 tutis
450 1349 551 1377 suae
572 1349 656 1377 non
677 1333 922 1387 salvabitur,
951 1333 1053 1376 audi
1083 1335 1169 1377 anti
1203 1349 1306 1376 uum
1326 1348 1353 1376 a
1372 1333 1545 1377 domino
1563 1347 1725 1378 renova
1753 1354 1760 1371 ι
1784 1356 1802 1373 ιι
1826 1312 1837 1368 i

327 1389 589 1433 miraculum.
648 1390 779 1447 Regis
809 1389 963 1433 milites
993 1405 1123 1456 supra
1142 1390 1179 1433 R
1212 1405 1340 1433 enum
1368 1390 1424 1433 ad
1442 1388 1587 1434 locum
1605 1372 1835 1435 voeabu1·⁹

327 1447 550 1489 Bierzuni¹
582 1453 874 1503 pervenerant,
913 1446 1137 1503 Rhenique
1175 1445 1343 1489 alveum
1373 1446 1552 1491 transire
1579 1446 1667 1489 iam
1693 1461 1764 1490 ee·
1783 1427 1835 1530 ι’,

327 1509 433 1556 rant,
477 1503 759 1567 ignorantes⁸,
806 1501 922 1559 quod
960 1502 1188 1545 Heinricus
1234 1517 1334 1544 cum
1370 1502 1545 1559 prefatis
1585 1502 1781 1546 comitin
1810 1532 1834 1579 ;,

327 1564 444 1601 tanta
482 1573 541 1600 eis
580 1558 798 1600 vicinitate
837 1565 948 1601 esset
976 1558 1061 1599 iam
1092 1558 1328 1615 proximus.
1392 1558 1604 1616 Perpauci
1632 1558 1733 1602 deni
1800 1564 1803 1566 '

327 1629 350 1657 e
379 1613 558 1656 navibus
589 1614 761 1670 egressi,
791 1614 866 1655 vix
895 1628 1028 1671 equos
1058 1614 1308 1657 *ascendere
1338 1629 1515 1672 seseque
1541 1614 1672 1657 armis
1697 1615 1743 1657 in
1791 1663 1796 1667 ,

325 1676 532 1726 poterant,
563 1684 661 1711 cum
689 1669 1079 1726 prenominatorum
1108 1669 1297 1727 legiones
1331 1684 1418 1712 non
1445 1670 1695 1715 nuntiantur
1720 1685 1751 1736 p
1783 1658 1831 1739 ⁸¹³}

325 1731 534 1782 perantes,
565 1724 640 1767 sed
677 1726 834 1768 intuitu
867 1726 961 1782 ipso
998 1734 1230 1769 cernuntur
1267 1733 1498 1782 presentes.
1555 1725 1651 1769 Tali
1685 1725 1745 1784 igi
1776 1724 1829 1766 1⁵².

328 1796 420 1824 sese
451 1787 549 1824 sunt
577 1788 724 1824 mutuo
754 1795 948 1824 sermone
977 1782 1184 1838 adgressi:
1234 1781 1456 1825 ‘Fluminis
1483 1781 1624 1838 huius,
1653 1788 1702 1825 ut
1728 1796 1805 1826 ce
1822 1769 1830 1854 J

326 1837 439 1891 nitis,
483 1835 732 1894 magnitudo
777 1837 916 1879 socios
959 1845 1125 1880 nostros
1173 1836 1297 1881 nobis
1345 1852 1604 1892 succurrere,
1649 1852 1779 1896 nosq·
1803 1846 1827 1877 “.

327 1893 468 1947 etiam,
513 1893 707 1950 quamvis
750 1892 953 1947 volentes,
996 1892 1067 1935 illo
1114 1894 1252 1937 redire
1289 1907 1375 1936 non
1416 1894 1537 1949 sinit3
1583 1908 1664 1938 nec
1706 1883 1829 1951 clad*

326 1947 449 1990 nobis
478 1955 553 2002 est,
584 1963 715 2005 quam
742 1948 971 1991 ridiculum
1010 1950 1163 1993 nostris
1201 1950 1426 2007 presertim
1461 1950 1516 1993 sit
1550 1949 1750 1994 nacionib
1790 1935 1827 2016 ξ

326 2004 454 2047 fortes
491 2005 605 2046 viros
645 2019 690 2047 se
726 2004 916 2048 ostibusb
955 2004 1123 2048 tradere
1163 2012 1204 2049 et
1240 2020 1327 2049 non
1364 2005 1599 2050 resistendo
1633 2020 1706 2048 mo
1756 2015 1801 2054 ιη]

326 2060 487 2116 fugere,
516 2060 736 2117 vitamque
767 2061 1034 2127 sempiternis
1065 2061 1306 2119 obpropriis
1336 2076 1432 2105 com
1463 2076 1598 2105 arare.
1655 2061 1715 2116 Q
1736 2081 1741 2098 =
1766 2045 1826 2107 ἰε’

357 2129 456 2157 uam
500 2116 613 2158 enim
656 2115 876 2171 evadendi,
922 2131 1032 2174 quae
1075 2132 1398 2175 nonnumquam
1474 2116 1638 2162 ostibus
1681 2131 1728 2160 οι
1747 2138 1778 2155 -,;
1820 2094 1826 2146 i

328 2185 352 2213 o
383 2170 467 2214 lata
511 2170 750 2228 desperatio
795 2179 837 2215 et
875 2172 1145 2230 supplicandi
1189 2175 1495 2231 sempiternum
1538 2173 1788 2232 obpropri·
1820 2170 1825 2194 ‘

327 2226 547 2283 pugnandi
576 2226 701 2270 nobis
730 2227 934 2271 fiduciam
962 2235 1170 2286 prestent:
1210 2244 1261 2272 ea
1299 2235 1443 2272 tamen
1476 2236 1553 2285 est,
1591 2243 1702 2287 quae
1735 2215 1824 2279 na*

326 2283 560 2338 presertim,
590 2284 781 2326 veritatis
812 2284 972 2328 scilicet
1000 2299 1051 2328 ac
1080 2286 1282 2340 iustitiae,
1322 2299 1453 2328 causa
1480 2299 1674 2343 pugnare
1702 2298 1786 2328 co·
1818 2274 1823 2355 ξ

1816 2493 1821 2545 ἕ

357 2337 455 2381 ellit.
515 2338 562 2381 Si
591 2339 703 2381 enim
732 2341 940 2383 terrestris
968 2340 1122 2384 domus
1149 2348 1295 2384 nostra
1321 2341 1557 2384 resistendo
1582 2340 1796 2384 iniustiti-

325 2352 593 2448 gissolvatur,
623 2401 838 2437 aeternam
867 2411 953 2438 non
980 2411 1112 2439 manu
1131 2397 1289 2440 factam
1308 2397 1566 2455 recipiemus
1593 2397 1640 2440 in
1659 2411 1735 2440 cae
1754 2397 1792 2432 '22

327 2449 407 2491 His
435 2450 579 2506 itaque
598 2449 722 2493 dictis
742 2452 923 2505 accensi,
954 2451 1094 2495 hostes
1119 2453 1230 2496 inter
1249 2467 1378 2496 cursu
1397 2454 1564 2510 prepeti
1581 2459 1741 2497 transe
1765 2474 1784 2490 ·-

326 2504 421 2547 Rex
460 2504 644 2562 denique
681 2512 842 2549 tantam
883 2522 1057 2550 suorum
1097 2510 1378 2552 constantiam
1415 2523 1503 2552 non
1540 2509 1631 2552 sine
1665 2508 1774 2552 di·

326 2559 555 2603 instinctue
599 2575 691 2603 esse
729 2562 1016 2617 considerans,
1056 2566 1271 2621 quoniam,
1312 2564 1473 2607 fluviod
1510 2564 1819 2608 interceden-

326 2615 534 2672 corporali
573 2618 785 2673 presentia
824 2619 1052 2661 subvenire
1091 2621 1179 2663 suis
1219 2635 1306 2663 non
1375 2626 1524 2675 otei-at,
1564 2612 1819 2664 recordat·

325 2670 473 2727 populi
502 2671 676 2726 domini,
706 2673 780 2729 qui
809 2683 1094 2730 repugnantes
1124 2677 1206 2719 sibi
1232 2635 1519 2720 Amalechitas
1549 2674 1759 2719 orationib
1780 2674 1783 2678 ’
1813 2658 1818 2691 ⁴

327 2777 356 2812 ι)
378 2779 575 2811 ingnorantes
599 2781 626 2806 1.
706 2780 738 2814 b)
761 2782 782 2808 ι’,
803 2789 825 2808 e.
849 2782 996 2810 hostibus.
1078 2783 1105 2816 c)
1128 2784 1287 2811 inistinctu
1310 2786 1336 2811 1.
1418 2785 1451 2818 d)
1472 2784 1547 2812 finio
1568 2786 1595 2812 1.

330 2863 368 2909 1)
393 2865 526 2908 Biz-ten,
553 2867 597 2900 cf.
623 2867 818 2912 Regiuonis
846 2872 978 2905 contin.
997 2882 1030 2904 a.
1051 2871 1133 2913 939,
1161 2872 1370 2906 widukind.
1400 2873 1439 2906 11
1469 2883 1500 2907 c.
1531 2873 1591 2914 11;
1613 2872 1673 2906 111
1699 2883 1731 2906 e.
1751 2873 1774 2904 1'
1812 2891 1813 2895 =

1777 2969 1785 3046 3
1808 2905 1815 3059 ξ
