1838 3210
155 353 222 379 968.

86 735 138 769 ’μ
153 736 221 763 382.

96 1515 171 1541 Dec.
194 1515 220 1541 6.

240 229 306 261 164
602 224 902 259 LIUDPRANDI
931 223 1158 259 LEGATIO.
1209 222 1367 257 62-63.

236 345 421 392 rentur1,
452 344 659 395 quaru1n²
689 336 938 379 auctoritate
967 336 1191 392 cumipse,
1222 340 1312 376 tum
1334 347 1602 378 successores
1620 333 1729 388 eius,

235 395 396 452 absque
431 407 638 451 paparum
668 392 877 449 permissu
915 389 1053 447 palliis
1091 397 1321 433 uterentur.
1380 390 1451 432 Ex
1486 403 1574 447 quo
1609 389 1728 456 turpi

235 450 490 494 commercio
521 447 824 505 vituperandus
865 461 956 488 mos
991 444 1176 500 inolevit,
1215 454 1262 488 ut
1298 461 1383 489 non
1422 444 1560 489 solum
1597 450 1727 504 patn-

235 506 400 560 archae,
439 505 514 548 sed
551 505 678 547 etiam
718 502 908 559 episcopi
948 502 1076 544 totius
1109 502 1331 556 Graeciae,
1373 500 1510 559 palliis
1539 507 1725 549 utantur.

236 562 363 616 Quod
393 575 520 619 quam
551 558 783 602 absurdum
814 558 879 612 sit,
917 571 1090 599 censore
1120 572 1144 600 ο
1178 571 1228 599 us
1262 572 1348 600 non
1384 563 1459 600 est.
1516 556 1597 601 Est
1623 571 1727 615 ergo

237 633 379 661 meum
409 615 647 668 eonsilium,
688 619 876 656 sanctam
907 613 998 656 fieri
1027 627 1133 670 syno
1168 628 1253 667 um,
1293 620 1336 656 et
1362 613 1418 656 ad
1447 611 1626 657 eandem
1654 627 1727 656 vo-

237 675 323 716 cari
352 671 646 729 Polyeuctum.
706 669 833 723 Quod
864 670 899 711 si
928 670 1087 723 venire,
1126 677 1167 712 et
1197 669 1427 726 σφάλματα
1462 683 1552 724 sua,
1590 667 1637 712 id
1664 674 1729 714 est

237 730 359 782 vitia,
399 728 595 784 superius
634 726 791 782 scripta
827 725 1031 767 canonice
1070 724 1296 768 emendare
1334 724 1535 779 noluerit,
1576 723 1728 783 *quod

238 783 491 827 sanctissimi
531 796 714 825 canones
754 781 1038 835 decreverint,
1074 781 1160 824 fiat.
1228 780 1318 822 Vos
1353 780 1543 834 interim,
1577 794 1728 848 prepo-

237 848 369 883 tentes
390 839 573 895 augusti,
603 844 650 879 ut
669 837 882 893 coepistis,
912 835 1118 890 laborate;
1140 837 1308 890 efficite,
1331 844 1378 878 ut
1396 837 1433 879 si
1451 835 1560 880 nolit
1575 835 1727 880 nobis·

237 895 513 952 Nicephorus,
558 908 683 950 quem
729 893 930 935 canonice
969 908 1147 949 arguere
1190 892 1468 949 disponimus,
1513 890 1728 947 oboedire,

236 952 382 995 audiat
410 965 499 1003 VOS,
531 963 711 1006 quorum
742 963 791 990 co
827 949 877 990 iis
904 962 991 990 non
1020 948 1150 991 audet
1178 947 1466 991 cadaverosus
1490 962 1727 992 occurrere.

237 1007 345 1062 Hoc,
377 1008 565 1063 inquam,
596 1012 671 1058 est,
704 1018 787 1060 quo
848 1019 924 1046 nos
959 1003 1178 1060 apostoli²,
1219 1004 1380 1046 domini
1408 1011 1451 1047 et
1480 1002 1729 1047 commilito·

237 1078 310 1105 nes
340 1062 486 1116 nostri,
516 1062 654 1103 facere
684 1059 842 1102 volunt.
901 1060 999 1102 Non
1029 1067 1093 1103 est
1120 1075 1146 1102 a
1176 1058 1354 1102 Graecis
1383 1059 1604 1103 Romanus
1631 1057 1728 1103 vilis

236 1117 442 1162 tenendus
483 1117 613 1171 locus,
657 1116 757 1172 quia
795 1116 969 1158 recessit
1008 1115 1105 1158 inde
1141 1116 1373 1172 imperator
1401 1114 1729 1171 Constantinus3

234 1190 383 1217 verum
414 1188 463 1216 eo
484 1172 622 1230 magis
643 1171 857 1226 colendus,
887 1171 1167 1226 venerandus,
1196 1170 1453 1226 adorandus,
1483 1171 1587 1229 quia
1603 1186 1731 1215 vene-

235 1238 334 1274 runt
362 1229 463 1271 illuc
492 1227 685 1285 apostoli,
715 1227 909 1270 doctores
939 1228 1088 1282 sancti,
1118 1228 1269 1270 Petrus
1299 1234 1342 1270 et
1370 1226 1541 1270 Paulus.
1587 1226 1657 1270 Ac
1676 1226 1736 1271 de

236 1286 300 1328 his
336 1285 437 1328 satis
479 1299 546 1326 me
586 1284 808 1340 scripsisse
848 1283 1054 1337 sufficiat,
1093 1283 1228 1326 donec
1265 1284 1345 1326 deo
1374 1282 1581 1341 largiente
1608 1297 1729 1327 sane·

235 1342 580 1397 tissimorumque
610 1338 900 1396 apostolorum
931 1338 1206 1393 orationibus,
1238 1355 1293 1382 ex
1314 1338 1581 1383 Graecorum
1609 1353 1730 1397 erep-

236 1404 303 1440 tus
333 1397 544 1450 manibus,
573 1410 650 1438 vos
681 1394 845 1438 adeam.
899 1395 958 1437 Et
986 1401 1087 1437 tunc
1117 1410 1203 1437 non
1231 1394 1401 1438 taedeat
1427 1394 1582 1450 dicere,
1612 1394 1729 1452 quod

236 1454 304 1496 hic
335 1467 449 1495 nunc
509 1452 620 1508 iguit
649 1450 848 1494 scribere.
907 1451 1034 1493 Nunc
1063 1451 1117 1493 ad
1148 1451 1415 1508 propositum
1444 1450 1684 1494 redeamus.

347 1510 413 1552 63.
516 1514 637 1550 ctavo
667 1506 770 1549 Idus
790 1507 1044 1549 Decembris
1072 1507 1304 1549 Leucatem
1333 1506 1540 1560 venimus,
1570 1506 1647 1550 ubi
1673 1505 1728 1550 ab

235 1566 435 1622 episcopo
465 1564 600 1621 ipsius
630 1563 712 1605 loci
742 1562 952 1616 eunucho,
989 1563 1100 1605 sicut
1129 1569 1171 1605 et
1199 1562 1272 1605 ubi
1307 1577 1360 1605 ue
1388 1562 1444 1606 ab
1472 1561 1580 1616 aliis,
1610 1561 1730 1605 inhu-
1801 1583 1804 1597 τ

235 1621 481 1664 manissime
525 1619 713 1675 suscepti
758 1626 800 1661 et
841 1619 1009 1661 tractati
1053 1633 1214 1661 sumus.
1309 1634 1337 1660 n
1381 1619 1497 1660 omni
1533 1617 1732 1675 Graecia,

234 1678 457 1720 veritatem
477 1676 587 1730 dico,
615 1689 701 1716 non
720 1675 914 1728 mentior,
944 1689 1031 1717 non
1049 1675 1189 1731 reperi
1208 1673 1437 1731 hospitales
1457 1674 1604 1732 episco
1637 1681 1729 1717 os⁸.

235 1734 403 1776 Divites
433 1739 542 1785 sunt,
574 1745 783 1787 pauperes
814 1738 930 1785 sunt3
961 1730 1114 1773 divites
1143 1730 1283 1773 aureis
1304 1729 1458 1787 quibus
1478 1729 1605 1796 plena
1638 1728 1736 1775 udi-⁴
1787 1762 1790 1763 ν

235 1796 303 1832 tur
331 1802 431 1831 arca
444 1796 480 1842 ⁴3
511 1801 721 1844 pauperes
752 1786 953 1828 ministris
983 1801 1059 1828 seu
1089 1785 1353 1828 utensilibus.
1404 1785 1493 1828 Soh
1511 1785 1731 1830 mensulae

236 1844 424 1887 assident
459 1842 620 1897 nudae,
691 1843 979 1884 aximaeium⁵
1019 1842 1101 1884 sibi
1139 1848 1425 1899 apponentes,
1473 1840 1729 1940 balneariae·

236 1907 337 1943 tunc
367 1900 478 1942 vitro
508 1912 655 1955 permo
689 1899 757 1940 ico
795 1912 882 1940 non
922 1897 1138 1951 bibentes,
1179 1897 1255 1940 sed
1292 1896 1571 1941 sorbillantes.
1661 1897 1731 1954 psi

236 1955 438 2010 vendunt,
468 1955 551 2012 ipsi
581 1959 745 2007 emunt3
783 1953 890 1996 ostia
919 1954 1000 2010 ipsi
1031 1953 1245 2007 claudunt,
1284 1954 1367 2010 ipsi
1395 1954 1610 2010 aperiunt3
1644 1953 1731 2010 ipsi
1798 1958 1802 1991 .’

236 2012 291 2053 da
323 2011 429 2065 iferi,
468 2011 482 2052 i
515 2011 552 2052 si
580 2023 801 2066 agasones,
841 2010 923 2065 ipsi
962 2023 1148 2066 capones
1179 2037 1231 2042 —
1261 2009 1358 2064 sed,
1398 2008 1474 2051 ha!
1514 2023 1730 2068 caupones
1796 2012 1799 2016 ’

237 2081 290 2109 vo
307 2068 350 2108 ui
394 2067 475 2109 scri
508 2080 591 2119 ere,
635 2080 784 2108 verum
823 2079 891 2107 res
929 2065 1045 2130 ipsa,
1091 2080 1200 2122 quae
1239 2080 1341 2108 vera
1377 2072 1461 2119 est,
1504 2065 1729 2108 veritatem

237 2123 364 2165 etiam
393 2121 606 2164 nolentem
637 2119 843 2178 compulit
872 2121 1057 2163 sembere
1086 2148 1143 2153 —
1172 2121 1353 2163 dicimus
1382 2121 1510 2176 enim,
1539 2121 1643 2179 quia
1661 2134 1730 2164 ea·

238 2192 371 2234 pones
401 2185 510 2231 sunt,
539 2177 585 2219 id
613 2183 688 2230 est,
720 2176 904 2219 eunuchi
913 2185 941 2231 ⁷,
973 2177 1088 2233 quod
1117 2178 1371 2219 canonicum
1399 2190 1487 2219 non
1513 2184 1601 2232 est;
1628 2181 1730 2219 sunt
1766 2176 1774 2181 ⁴
1797 2226 1799 2232 Ι

238 2239 280 2275 et
299 2248 525 2290 caupones,
546 2232 591 2274 id
610 2239 674 2275 est
688 2232 928 2286 tabernarii,
951 2232 1067 2288 quod
1082 2241 1230 2275 contra
1246 2247 1430 2275 canones
1445 2239 1530 2286 est3
1545 2246 1730 2291 quorum

407 2288 604 2344 ‘Incipit⁸
634 2295 676 2330 et
703 2287 863 2331 claudit
893 2302 1073 2330 coenum
1100 2287 1270 2331 lactuca
1297 2295 1506 2342 tenacem,

407 2343 616 2386 Claudere
647 2358 757 2400 quae
788 2358 942 2386 coenas
970 2342 1138 2386 lactuca
1167 2343 1330 2388 solebat
1356 2343 1568 2387 avorum'!

239 2438 269 2472 a)
292 2447 352 2471 qua
374 2440 402 2466 G.
482 2439 513 2472 b)
537 2440 578 2465 ita
600 2440 727 2473 correct}
749 2439 836 2466 vobis
858 2440 889 2466 C.

244 2524 278 2567 1)
304 2525 463 2559 Aderant
497 2526 711 2560 ordinationi
747 2529 822 2561 eius
848 2528 974 2560 vicarii
1001 2538 1117 2571 papae
1143 2529 1313 2569 Romani,
1348 2529 1409 2572 qui
1434 2529 1471 2562 in
1496 2527 1726 2573 patriarchali

239 2573 326 2607 sede
352 2584 431 2607 eum
458 2574 695 2617 collocarunt,
735 2576 780 2609 cf.
807 2576 938 2618 Georg.
965 2577 1134 2610 Monach.
1169 2577 1213 2610 de
1241 2577 1424 2611 Constant.
1451 2588 1484 2611 c.
1509 2577 1556 2610 45
1582 2589 1617 2622 p.
1644 2576 1730 2610 ⁹18.
1786 2615 1788 2617 μ
1829 2592 1831 2594 ·

241 2623 279 2663 2)
297 2622 422 2655 Petrus
448 2627 484 2656 et
509 2623 650 2658 Paulus.
725 2624 765 2666 3)
786 2625 842 2657 De
869 2625 1150 2668 inhospitalitate
1178 2630 1214 2658 et
1238 2626 1456 2669 parsimonia
1481 2626 1729 2670 episcoporum

242 2670 457 2704 Graecorum
481 2673 707 2715 conqueritur
732 2674 804 2706 iam
831 2673 1024 2707 monachus
1052 2673 1298 2716 Sangallensis
1317 2674 1355 2706 11
1382 2685 1415 2707 c.
1434 2675 1469 2707 6.
1544 2674 1728 2718 4)1uven.

242 2719 317 2752 Sat.
343 2719 371 2760 Ι,
398 2719 463 2752 90:
489 2721 606 2763 posita
631 2722 696 2755 sed
721 2721 853 2755 luditur
878 2731 976 2755 arca.
1077 2721 1116 2765 5)
1142 2723 1166 2755 i.
1193 2733 1224 2756 e.
1251 2733 1380 2765 panem
1406 2724 1587 2756 nauticum
1612 2721 1728 2756 ΒΑΕ.

242 2767 279 2807 6)
296 2766 352 2800 An
376 2768 497 2801 vinum
522 2779 616 2812 aqua
641 2770 792 2813 plurima
818 2771 1054 2813 permixtum?
1156 2769 1193 2813 7)
1219 2771 1437 2813 Polyeuctus
1462 2771 1667 2815 patriarcha
1692 2776 1729 2805 et

240 2815 317 2896 {psle
343 2816 632 2898 spadglssxitapf.
658 2818 769 2862 Krug,
798 2818 1035 2861 chronologie
1063 2818 1127 2851 der
1152 2819 1344 2862 Byzantier
1368 2831 1404 2863 p.
1419 2820 1500 2852 290.
1577 2818 1616 2862 8)
1633 2821 1727 2854 Mar·
1791 2811 1794 2843 Ῑ

257 2873 291 2896 la
307 2887 316 2897 .
344 2874 397 2908 ep.
521 2890 529 2907 ,
605 2890 613 2899 .
1785 2877 1790 2882 “
