1838 3210
171 231 475 266 LIUDPRANDI
501 229 847 265 ANTAPODOSIS.
898 230 994 264 LIB.
1021 229 1093 264 111.
1146 230 1301 264 43—44.
1440 230 1483 263 73

44 358 172 411 mque
210 342 447 386 liberalium
491 343 645 386 artium
687 342 882 400 peritiam
925 341 1093 385 Verone
1129 342 1354 399 episcopus
1390 356 1485 384 con-

42 400 199 500 ’ῗιιὲιιη
242 397 317 442 ubi
360 406 402 442 et
443 397 559 454 Milo,
611 412 738 456 quem
781 412 911 454 supra
953 398 1295 453 memoravimus,
1342 411 1485 442 comes

89 471 113 499 e
143 462 252 498 amr.

20 516 21 519 ’
111 511 181 554 43.
238 510 371 555 Wido
408 512 580 564 interea,
627 509 810 552 Tusciae
849 510 1094 567 provinciae
1133 509 1336 564 marchio,
1386 524 1483 552 cum
1499 528 1571 569 (12)

11 615 19 620 ,
96 568 191 610 ocia
217 581 352 610 uxore
379 581 457 610 sua
484 567 536 610 de
566 565 766 609 Iohannis
794 579 931 623 papae
960 565 1196 609 deiectione
1227 566 1339 622 cepit
1363 565 1485 609 vehe-

0 670 13 678 ,7
45 630 165 667 enter
201 629 393 677 tractare,
431 629 559 680 atque
597 621 677 665 hoc
718 628 892 688 propter
928 621 1147 677 invidiam,
1192 636 1320 679 quam
1358 623 1484 665 Petro

9 725 23 728 7
47 680 117 722 tri
159 693 296 737 papae
338 678 564 733 habebant,
636 692 807 721 uoniam
850 677 1022 735 quidem
1067 677 1184 720 illum
1230 692 1341 735 papa
1377 679 1486 722 sicut

16 783 26 786 77
46 741 172 779 trem
244 737 435 794 roprium
464 735 625 778 honora
655 741 710 778 at.
776 733 904 777 Conti
939 735 968 776 ‘t
1005 735 1065 777 ita
1096 749 1149 776 ue
1188 734 1313 777 Petro
1350 735 1485 778 Rome

14 799 193 846 ente,
281 790 451 835 idonem
479 790 635 834 multos
661 789 858 833 habuisse
887 804 910 832 c
927 805 996 833 am
1017 791 1073 832 mi
1093 791 1170 833 ites
1191 797 1484 847 congregatos,

21 862 197 905 umque
239 847 308 891 die
382 847 537 890 uadam
575 861 689 905 papa
727 860 824 889 cum
862 845 992 890 fratre
1016 846 1264 946 1paucisque
1307 845 1401 889 aliis
1439 848 1484 889 in

45 905 272 947 teranensi
307 919 335 961 p
378 904 463 947 atio
502 911 625 957 esset,
669 902 865 946 Widonis
911 910 954 946 et
990 902 1017 945 li
1037 904 1203 946 arociae
1242 917 1371 960 super
1409 918 1483 946 eos

15 959 56 995 ›·'
77 961 154 1003 ’tes
182 961 404 1015 irruentes,
434 961 606 1002 Petrum
634 958 775 1001 fratris
802 959 937 1015 ipsius
965 966 1063 1003 ante
1092 957 1237 1003 oculos
1267 959 1484 1003 interfece-

33 1023 142 1071 ut¹;
172 1015 355 1059 eundem
383 1031 484 1059 vero
514 1030 670 1073 papam
699 1014 1118 1072 comprehendentes,
1148 1014 1339 1058 custodie
1367 1030 1484 1059 man-

11 1070 208 1129 *parunt,
236 1073 280 1114 in
338 1086 395 1115 ua
421 1086 506 1114 non
537 1070 667 1114 multo
696 1077 794 1128 post
822 1078 887 1114 est
913 1071 1147 1115 defuntus⁸.
1192 1071 1328 1114 Aiunt
1357 1073 1482 1126 enim,

9 1150 32 1179 ,ι-
60 1127 116 1171 od
145 1130 313 1172 cei-vica
356 1143 484 1186 super
513 1142 559 1170 os
588 1128 679 1170 eius
708 1127 970 1193 inponerent,
999 1128 1146 1185 sicque
1175 1142 1271 1170 eum
1333 1129 1484 1171 essime

23 1204 38 1219 -·
63 1191 267 1228 mearent.
325 1184 422 1238 Quo
452 1190 659 1238 mortuo¹,
688 1184 822 1240 ipsius
851 1183 1058 1227 Marotiae
1087 1183 1221 1226 filium
1251 1184 1299 1226 Io
1331 1199 1483 1228 annem
1500 1205 1563 1234 928.

18 1240 184 1295 vnmine,
214 1255 339 1298 quem
368 1256 423 1284 ex
453 1240 532 1284 Ser
564 1240 603 1282 ‘o
642 1253 756 1297 papa
792 1240 992 1283 meretrix
1027 1241 1041 1282 i
1075 1255 1122 1283 sa
1158 1246 1376 1297 genuerat,
1413 1255 1486 1298 pa-

10 1300 128 1339 m⁸
178 1298 450 1340 constituunt.
588 1295 660 1338 ido
706 1310 807 1338 vero
846 1310 931 1339 non
978 1303 1111 1339 muto
1159 1303 1256 1354 post
1295 1297 1485 1353 moritur,

14 1374 19 1382 ·
47 1360 129 1396 ter
159 1367 213 1396 ue
242 1354 333 1396 eius
361 1351 615 1395 Lambertus
643 1352 725 1409 ipsi
755 1352 940 1395 vicarius
973 1352 1205 1396 ordinatur.

168 1441 178 1452 .
236 1409 438 1463 Marozia,
468 1414 655 1452 scortum
684 1409 742 1450 im
774 1408 908 1452 udens
937 1410 1051 1464 satis,
1081 1410 1251 1452 nuntios
1271 1423 1369 1452 suos
1389 1416 1485 1467 post
1499 1430 1562 1457 9³2

15 1464 200 1508 lidonis
241 1465 381 1508 mariti
430 1466 496 1508 sui
534 1472 714 1507 mortem
798 1465 928 1522 ugoni
965 1466 1058 1522 regi
1095 1465 1257 1532 dirigit,
1303 1480 1484 1532 eumque

28 1521 163 1576 vitat,
199 1529 247 1564 ut
276 1536 320 1564 se
349 1521 475 1565 adeat
503 1522 767 1577 Romamque
804 1520 1110 1564 nobilissimam
1152 1523 1366 1565 civitatem
1401 1522 1483 1565 s1bi

20 1583 41 1629 j
63 1577 236 1620 umatb.
294 1577 391 1621 Hoc
419 1584 561 1620 autem
591 1591 677 1619 non
704 1575 826 1620 aliter
853 1591 977 1634 posse
1007 1577 1098 1620 fieri
1126 1578 1372 1632 testabatur,
1402 1579 1483 1621 nisi

22 1631 41 1642 ”
62 1654 83 1671 ιι
122 1648 198 1677 rex
228 1633 356 1691 Hugo
386 1632 468 1676 sibi
498 1634 693 1676 maritam
722 1632 890 1676 faceret.

31 1697 47 1722 ὁ
111 1688 228 1744 Quid
247 1689 427 1733 Veneris
445 1689 609 1732 facibus
630 1687 850 1746 compulsa
867 1689 1056 1732 Max-ozia
1076 1689 1238 1733 saevis?
1307 1691 1481 1734 Versus

111 1745 316 1802 Coniugis
346 1760 445 1789 ecce
474 1746 535 1788 tui
564 1750 730 1803 spectas
760 1751 806 1787 tu
836 1746 984 1788 suavia
1010 1745 1165 1801 fratris,

109 1801 281 1845 Nubere
308 1803 522 1859 germanis
552 1808 747 1858 satagens
777 1801 968 1844 Herodia
995 1802 1174 1857 duobus,

28 1879 36 1890 ›
109 1858 340 1902 Immemor
367 1873 421 1901 en
448 1858 605 1901 videris
635 1859 822 1923 precepti
851 1872 954 1901 ceca
981 1858 1194 1914 Iohannis,

22 1926 34 1950 ῑΑ
58 1924 79 1959 5
112 1913 198 1968 Qui
227 1913 346 1957 fratri
374 1915 510 1957 vetuit
535 1913 676 1957 fratris
704 1913 863 1956 violare
892 1915 1100 1958 maritam.
1497 1936 1588 1963 Mare..
1605 1937 1631 1969 s,
1650 1937 1676 1962 ι.

112 1969 233 2013 Haec
262 1969 341 2014 tibi
370 1970 538 2013 Moseos
566 1985 652 2012 non
681 1977 871 2027 prestant
898 1971 1086 2014 carmina
1115 1971 1235 2013 vatis.

113 2027 197 2080 Qui
226 2026 342 2069 fratri
372 2025 562 2070 subolem
592 2026 731 2069 fratris
759 2026 811 2069 de
840 2027 1011 2070 nomine
1042 2027 1164 2070 iussit
1500 2043 1623 2071 neuter.

111 2081 264 2136 Edere,
293 2083 329 2125 si
359 2083 521 2140 primus
550 2088 734 2147 nequeat
761 2081 843 2125 sibi
871 2083 1047 2139 gignere
1077 2091 1238 2126 natum.
1500 2083 1549 2118 ²⁵·
1570 2082 1598 2109 ⁵·

43 2152 49 2170 2
111 2138 264 2181 Nostra
292 2146 365 2182 tuo
396 2139 610 2206 peperisse
638 2152 730 2180 viro
760 2146 800 2182 te
836 2137 981 2182 secula
1010 2147 1178 2182 norunt.

29 2204 83 2239 o
112 2194 373 2253 Respondes,
402 2208 503 2249 seio,
534 2203 601 2238 tu:
631 2193 783 2236 ‘Niehil
813 2194 894 2237 hoe
924 2194 1071 2238 Venus
1101 2195 1220 2238 ebria
1249 2197 1421 2238 curat’⁴.

38 2276 46 2287 ι
112 2249 298 2295 Advenit
326 2257 495 2309 optatus
524 2265 601 2294 eeu
630 2250 708 2294 bos
738 2250 813 2293 tibi
844 2249 995 2294 duetus
1024 2250 1080 2294 ad
1109 2266 1226 2294 aram

112 2306 205 2349 Rex
236 2306 378 2363 Hugo,
408 2307 641 2350 Romanam
671 2307 812 2363 potius
842 2315 1108 2351 commotus⁰
1138 2307 1192 2350 ob
1223 2308 1387 2351 urbem.

31 2377 49 2415 *t
113 2362 229 2416 Quid
257 2364 387 2416 iuvat,
416 2361 689 2416 obscelerata,
718 2362 856 2404 virum
888 2364 948 2406 sic
978 2363 1154 2421 perdere
1176 2363 1402 2407 sanetum?

42 2423 58 2467 i,
114 2417 300 2462 Crimine
328 2419 429 2462 dum
459 2425 575 2462 tanto
605 2418 761 2475 satagis
790 2419 937 2475 regina
964 2419 1112 2474 videri,

38 2482 83 2519 iz
116 2474 288 2518 Amittis
318 2489 515 2532 magnam
536 2474 708 2518 domino
740 2481 785 2517 tu
815 2474 954 2519 iudice
984 2476 1177 2519 Romam.

35 2535 53 2556 ¹·
76 2530 151 2573 ·od
178 2538 290 2574 recte
319 2546 410 2574 esse
439 2539 593 2586 actum,
622 2545 705 2574 non
736 2529 870 2573 solum
900 2541 1066 2576 sensata
1092 2547 1238 2576 verum
1270 2533 1396 2576 etiam
1427 2533 1632 2586 in-·p.s1a.

36 2605 94 2623 ’.ιω
129 2593 171 2629 ta
198 2586 548 2631 animadvertunt.

45 2649 75 2702 ⁴1.
97 2678 119 2698 e.
143 2670 311 2699 defunctus.
391 2670 422 2704 b)
442 2672 612 2698 adnummnt
633 2673 660 2698 1.
741 2671 769 2705 o)
790 2676 957 2699 commum·
982 2675 1006 2700 1.

43 2726 126 2795 fjcs.
152 2746 340 2781 Benedicti
367 2747 488 2781 chron.
516 2758 547 2781 c.
574 2748 619 2781 29
646 2747 727 2790 (SS.
754 2748 824 2790 111,
853 2748 953 2790 714).
1042 2748 1080 2790 2)
1107 2749 1254 2784 Mortuis
1283 2751 1400 2790 etiam,
1427 2750 1487 2795 qni

39 2797 322 2838 *necea-erant,
355 2795 475 2830 Leone
502 2797 565 2830 vl.
599 2801 635 2831 et
660 2796 840 2842 Stephano
868 2797 949 2832 vn.
1049 2799 1088 2841 8)
1116 2799 1309 2833 Iohannem
1337 2799 1400 2832 XI.
1428 2799 1488 2843 qui

60 2842 290 2927 -ξιιῖῑίἕοὸ,
329 2844 396 2878 981
439 2855 609 2880 summum
649 2845 890 2891 pontificatum
929 2846 1081 2891 adeptus
1122 2853 1185 2882 ent.
1286 2847 1325 2891 4)
1365 2848 1488 2883 Iuven.

73 2915 83 2926 .
163 2917 172 2935 ,
269 2919 278 2928 .
