1838 3210
218 228 524 262 LIUDPRANDI
548 226 895 262 ANTAPODOSJS.
945 226 1040 261 LIB.
1065 227 1116 260 11.
1166 226 1324 261 22-24.
1471 227 1520 259 37

194 340 362 383 ‘Insana
389 338 552 382 domini
580 339 706 381 iussis
736 337 840 396 quid
869 344 1010 380 mente
1035 337 1228 380 resistis?
1341 338 1514 380 Versus
1529 347 1602 375 921-

248 394 376 450 Quod
404 394 589 452 populus
615 409 761 451 regem
791 409 859 437 me
889 394 1008 451 cupit
1034 408 1140 447 esse,
1170 394 1293 447 scias,

191 451 257 494 Im
289 452 377 494 erio
409 450 580 504 Christi,
610 464 696 507 quo
726 456 892 493 constat
919 449 1118 492 machina
1145 449 1346 503 mundi3‘³¹

30 533 41 554 ς
286 514 454 550 artai-us
478 506 592 548 hunc
617 507 780 560 metuit,
810 505 924 548 hunc
949 505 1158 563 Flegeton
1181 506 1343 559 timu3t3

38 559 46 611 ῗ
109 575 131 608 δ
192 563 384 607 Conterit
412 561 481 605 hic
505 562 662 605 nitidos
687 577 811 618 reges
833 561 1081 619 dudumque
1104 561 1347 604 tremendos

36 626 50 631 ‘
247 618 548 676 Sublimesque
577 617 746 672 volens3
776 618 901 674 erigit
928 617 998 660 hic
1027 617 1245 671 miseros¹,

191 674 290 730 Quo
319 674 487 718 debitas
516 673 690 717 domino
717 673 865 716 laudes
925 689 972 716 er
1000 673 1146 716 secula
1167 672 1346 716 solvant.

245 731 381 783 Tune,
412 730 608 787 superbe,
638 745 750 784 reus,
779 729 887 786 perfi
919 744 956 783 e,
986 729 1106 781 dure,
1135 729 1269 783 feroit,

23 822 30 837 2
189 786 384 830 Invidiae
413 785 595 829 stimulis
624 800 810 844 sevaque
840 785 1043 843 cupidine
1072 791 1225 840 tactus,

82 853 131 888 10
246 841 440 900 Corpora
468 841 756 885 christicolum
784 841 964 899 perdere
992 840 1120 883 valde
1149 840 1272 884 sitis‘?

15 897 24 915 ‘¹
190 898 237 942 Si
266 913 411 955 regem
441 898 625 955 populus
656 905 831 954 cuperet
858 911 1095 954 preponere
1123 904 1268 951 temet,

242 955 443 998 Protinus
470 955 507 996 is
537 968 688 1007 essem,
750 954 794 995 ui
823 954 960 1010 magis
990 953 1102 995 hoeb
1132 959 1320 1009 cuperet.

39 1018 118 1054 ‘oc
146 1010 280 1067 igitur
307 1009 569 1076 quadrifario
589 1009 714 1052 dicen
747 1010 948 1066 igenere,
978 1010 1152 1066 copioso
1174 1007 1348 1062 scilicet,
1376 1007 1513 1063 brevi,

41 1087 45 1103 ι
84 1079 136 1109 co
165 1073 208 1109 et
235 1065 401 1120 florido,
431 1081 509 1108 rex
538 1066 779 1119 Heinricus,
815 1072 864 1108 ut
900 1071 992 1108 erat
1025 1065 1155 1108 animi
1193 1064 1396 1122 prudens,
1433 1063 1515 1107 Ar-

13 1122 29 1125 “’
46 1124 61 1157 Ἴ
89 1121 135 1165 di
163 1122 353 1165 animum
383 1121 588 1175 mulcens,
618 1121 674 1164 ad
703 1135 802 1164 suos
830 1121 970 1164 rediit.

36 1226 39 1233 Ἰ,
131 1178 198 1222 23.
241 1177 456 1221 Amaldus
476 1192 592 1233 vero,
622 1192 721 1220 cum
742 1178 829 1220 suis
850 1177 928 1220 hec
949 1177 1092 1219 omnia
1112 1176 1338 1231 retulisset,
1368 1177 1514 1219 huius-

46 1233 134 1277 odi
162 1233 217 1277 ab
246 1235 307 1277 eis
344 1234 509 1277 audivit
543 1233 791 1291 ἀπόκρισην,
829 1233 1055 1290 apocrisin,
1098 1232 1144 1275 id
1173 1239 1237 1275 est
1274 1234 1512 1290 responsio-

59 1311 91 1328 Δι
128 1304 138 1332 :
195 1289 423 1349 ‘Sapientis
467 1289 591 1344 illius,
634 1291 765 1332 immo
809 1289 1042 1346 sapientiae
1078 1303 1207 1332 verae
1245 1289 1511 1344 sententiam,
1525 1308 1614 1335 prov.

62 1366 126 1384 .;-.
168 1346 250 1389 ait:
300 1347 385 1389 Per
412 1361 480 1388 me
523 1361 645 1403 reges
689 1353 892 1402 regnant,
935 1345 1151 1402 principes
1191 1345 1425 1411 imperant,
1470 1354 1512 1389 et
1526 1348 1553 1395 ἓν
1578 1347 1624 1374 ¹⁵·
1648 1349 1695 1376 ¹⁶·

44 1430 51 1446 v›
99 1401 248 1446 dentes
286 1403 489 1445 iustitiam
525 1402 800 1455 *decernunt,
846 1401 1050 1467 illamque
1085 1400 1267 1458 apostoh
1305 1387 1725 1461 dicentis⁶n¹3ssi³issm

86 1477 121 1495 ι·
163 1458 299 1502 omnis
329 1458 537 1501 ordinatio
569 1472 595 1500 a
625 1458 704 1501 deo
735 1466 811 1511 est,
839 1464 882 1501 et
911 1472 987 1515 qul
1014 1457 1214 1514 potestati
1242 1458 1412 1511 resistit,
1443 1458 1513 1501 dei

42 1558 56 1566 ,,
75 1514 129 1552 ·”·
149 1515 273 1557 tioni
314 1515 494 1569 resistit,
539 1515 634 1580 quis
669 1513 879 1570 ambigit?
948 1513 1099 1571 Neque
1141 1513 1254 1556 enim
1298 1513 1342 1555 in
1384 1514 1512 1557 huius

56 1589 76 1606 ¹-
109 1570 224 1614 tione
253 1571 384 1614 totius
413 1569 560 1628 popuh
588 1577 734 1627 posset
772 1584 864 1612 esse
900 1570 1068 1612 animus
1108 1583 1232 1623 unus,
1272 1569 1309 1611 si
1337 1584 1363 1611 a
1395 1571 1512 1612 trini-

60 1645 102 1663 =··-
134 1640 314 1678 summa,
345 1640 456 1684 quae
485 1626 590 1669 deus
620 1641 732 1668 unus
760 1632 837 1680 est,
867 1632 965 1668 ante
993 1624 1144 1667 mundi
1164 1625 1511 1669 constitutionem

46 1703 92 1735 ῃ·
132 1690 243 1725 esset
271 1681 442 1725 electus.
502 1681 549 1724 Si
577 1681 715 1724 bonus
744 1681 883 1735 fuerit,
913 1680 1155 1738 diligendus
1186 1681 1278 1735 erit,
1317 1681 1423 1724 deus
1456 1697 1511 1725 ue

48 1761 49 1764 ¹
103 1751 155 1781 eo
197 1737 459 1792 laudandus3
509 1738 546 1780 si
589 1752 691 1781 vero
734 1737 884 1791 malus,
931 1737 1212 1795 equanimiter
1253 1735 1416 1780 toleran
1449 1754 1511 1781 us.

38 1824 46 1851 χ
65 1793 299 1837 bditorum
342 1807 528 1851 namque
570 1793 822 1851 plerumque
871 1793 1051 1850 exigunt
1092 1793 1260 1844 merita,
1340 1794 1511 1836 uatinus

47 1870 63 1898 ,ι
86 1870 92 1886 ·
114 1864 336 1907 umquam
366 1862 393 1891 a
420 1849 618 1908 praelatis
647 1856 892 1906 graventur,
921 1863 1007 1892 non
1036 1855 1251 1906 regantur.
1351 1864 1511 1915 equum

101 1920 159 1948 m
188 1906 435 1964 iustumque
474 1906 598 1950 nobis
635 1905 818 1960 videtur,
857 1913 906 1949 ut
944 1920 970 1947 a
1009 1905 1189 1948 caeteris
1225 1919 1311 1948 non
1350 1905 1511 1949 dlssen-

26 1981 118 2016 ..j-⁸⁸²
154 1961 268 2005 hunc
297 1976 443 2019 regem
473 1961 664 2018 eligeres,
695 1962 786 2018 ipse
822 1976 923 2003 vero
959 1968 1015 2015 te,
1055 1968 1104 2003 ut
1132 1968 1219 2003 tam
1248 1960 1510 2005 fortunatum

27 2071 52 2075 ‚⁷
117 2017 339 2061 redivitem
368 2018 508 2060 virum
553 2018 635 2060 hoc
663 2026 789 2074 pacto
808 2017 955 2060 bearet
997 2017 1215 2074 animique
1239 2017 1302 2059 tui
1322 2017 1508 2060 furorem

30 2082 32 2086 ’
61 2031 232 2127 ufoeret,
262 2081 311 2117 ut
339 2073 453 2131 quod
492 2050 738 2116 <secessores
776 2087 862 2115 non
898 2072 952 2116 ha
986 2087 1086 2116 uere
1125 2074 1202 2127 tui,
1242 2072 1321 2115 tibi
1361 2088 1511 2117 conce-

70 2135 154 2183 tur,
183 2129 347 2173 scilicet
374 2130 573 2187 quatinus
603 2130 732 2173 totius
762 2129 1000 2186 Bagoariae
1029 2129 1254 2186 pontifices
1284 2136 1382 2171 tuae
1413 2130 1511 2173 sub-

52 2230 55 2232 ,
86 2193 186 2230 eant
223 2184 395 2239 dicioni,
438 2192 595 2243 tueque
626 2186 680 2228 sit
718 2185 931 2243 potestati,
966 2199 1052 2227 uno
1089 2183 1291 2227 defuncto
1330 2183 1510 2228 alterum

97 2241 154 2279 ·..-
197 2242 262 2283 ·’¹.
334 2241 548 2284 Conivens
587 2242 717 2307 igitur
754 2239 969 2283 Amaldus
1008 2254 1182 2283 suorum
1222 2240 1303 2283 hoc
1347 2242 1510 2298 optimo

60 2311 130 2340 ··o
163 2312 215 2341 ue
246 2296 436 2352 consilio,
472 2296 664 2339 Heinrxci
693 2297 805 2353 regis
835 2295 956 2339 miles
985 2295 1181 2350 efficitur,
1212 2304 1255 2339 et
1282 2294 1336 2339 ab
1368 2311 1432 2350 eo,
1463 2306 1511 2340 ut

34 2375 92 2413 gu
132 2312 310 2397 ‘nictum
362 2361 448 2407 cst,
497 2353 711 2396 concessis
763 2353 893 2395 totius
944 2352 1178 2409 Bagoariae
1230 2350 1509 2410 pontificibus

60 2432 65 2442 ι
88 2416 262 2452 oratur.

127 2464 195 2508 24.
239 2465 322 2507 Per
360 2464 473 2507 idem
511 2472 680 2521 tempus
715 2463 817 2507 dum
853 2462 1101 2507 chuonradi
1138 2464 1250 2521 regis
1288 2464 1507 2507 interitum
1522 2480 1576 2514 (ε.)

50 2534 147 2566 ntae
175 2519 367 2563 Heinrici
404 2521 447 2563 in
485 2535 664 2578 regnum
705 2520 1017 2563 successionem
1056 2519 1252 2563 audirent
1280 2519 1589 2576 Hungadi,⁰¹⁹·

32 2576 84 2629 {2'
120 2590 213 2620 sese
242 2584 341 2619 sunt
369 2584 517 2619 mutuo
553 2590 747 2620 sermone
787 2575 1029 2633 adgressidz
1078 2575 1185 2618 ‘Rex
1224 2574 1331 2618 forte
1368 2590 1508 2618 novus

34 2748 49 2762 ν
101 2715 183 2744 unda
206 2717 231 2743 1.
310 2715 344 2749 b)
366 2722 402 2742 oc
426 2717 451 2742 ι.
532 2714 560 2748 c)
583 2715 722 2743 dieentes
745 2716 772 2743 1.
853 2714 884 2747 d)
906 2715 966 2747 ads
969 2722 1050 2742 rrrrr
1053 2716 1061 2742 Ι
1086 2718 1112 2743 ι.

40 2823 191 2868 'Boet-
225 2833 316 2868 Phil.
352 2833 495 2868 Consol.
522 2833 571 2875 11,
609 2835 638 2875 1,
663 2844 697 2867 v.
725 2834 767 2867 8:
803 2832 947 2867 Dudum
982 2830 1186 2866 tremendos
1220 2842 1330 2865 saeva
1361 2832 1509 2876 proterit

37 2885 52 2888 ''
137 2894 147 2924 ς
172 2893 208 2917 v,
236 2882 277 2916 δε
306 2882 384 2916 Non
410 2882 472 2916 illa
499 2883 645 2916 miseros
672 2881 783 2916 audit.
873 2880 1190 2922 2)Cf.'1'hietmari
1211 2880 1341 2914 Chron.
1362 2880 1377 2913 1
1398 2891 1429 2915 c.
1451 2881 1507 2915 15.
