1838 3210
283 190 350 225 152
644 188 945 222 LlUDPRANDI
973 187 1198 221 LEGATIO.
1249 186 1406 220 87-39.

198 312 264 340 ⁹⁸⁸-
281 309 322 345 et
351 301 606 354 iuraverunt,
635 315 679 343 se
710 315 818 357 quae
847 298 1101 342 lan-averant
1120 314 1204 342 non
1226 305 1388 355 sponte,
1418 297 1494 341 sed
1512 298 1570 341 im
1672 304 1785 344 tore--

279 356 447 400 volente
477 365 518 400 et
548 356 839 410 comminante,
868 354 1039 398 dixisse.
1098 353 1185 399 Sed
1213 362 1256 398 et
1284 354 1397 397 idem
1425 353 1561 412 Nicep
1591 367 1691 399 orus
1717 354 1765 400 in

281 412 429 456 eadem
459 427 591 455 coena
619 427 684 454 me
716 411 1003 467 interrogavit,
1034 411 1069 453 si
1088 426 1165 454 vos
1185 409 1401 468 perivolia,
1432 409 1477 453 id
1495 418 1560 454 est
1579 408 1746 455 briolia!
1776 434 1782 453 ;

280 467 350 512 vel
377 470 413 512 si
441 469 484 511 in
517 466 728 526 perivoliis
768 481 948 524 onagros
982 465 1050 509 vel
1083 474 1250 510 caetera
1284 464 1484 510 animalia
1520 440 1766 511 haberetis}

282 524 364 569 Cui
394 540 504 577 cum,
534 539 609 567 vos
637 522 769 567 brolia
798 530 839 566 et
867 523 911 565 in
939 521 1084 566 broliis
1113 521 1324 576 animalia,
1357 522 1527 579 onagris
1556 523 1787 589 emptius

280 580 448 635 habere,
476 580 751 623 affirmarem:
795 579 977 622 ‘Ducam
1006 580 1073 633 te’,
1111 579 1262 637 inquit,
1292 579 1348 621 ‘in
1376 586 1569 622 nostrum
1596 592 1766 636 penvo·
1784 607 1790 614 v-

281 635 398 691 lium,
430 637 550 678 cuius
579 634 914 692 magnitudinem
953 642 995 677 et
1024 649 1220 692 onagros,
1262 634 1307 678 id
1335 642 1402 678 est
1436 633 1649 679 silvestres
1681 634 1765 679 asi·

279 707 370 747 nos,
399 699 439 735 te
469 691 623 735 vidisse
652 690 895 735 miraberis’.
938 691 1106 734 Ductus
1134 692 1278 757 itaque
1306 691 1352 733 in
1380 689 1633 747 perivolium
1659 691 1765 735 nafis

280 764 495 807 magnum,
524 755 806 802 montuosum,
835 748 1084 790 fruticosum
1096 754 1126 801 ¹¹,
1157 747 1330 790 mlnime
1364 746 1626 802 amoenuml‘,
1664 761 1765 791 cum

310 805 460 849 ileatus
489 805 735 862 equitarem,
774 819 840 846 me
872 819 924 846 ue
964 802 1226 860 coropalates
1263 818 1289 845 a
1325 801 1452 860 longe
1486 802 1765 861 prospiceret,

278 821 365 904 filio
395 860 584 905 celeriter
611 860 769 903 directo
799 861 856 902 mi
888 861 901 901 i
922 859 1151 914 mandavit,
1179 860 1243 902 fas
1262 874 1348 901 non
1367 873 1473 914 esse,
1533 859 1763 918 uempiam,
1792 907 1795 910 Α

279 918 354 960 ubi
383 918 611 974 imperator
639 923 761 971 esset,
789 915 1005 973 pileatum,
1035 915 1110 958 sed
1128 917 1386 959 teristratum
1406 874 1614 960 incedere.
1657 914 1764 961 Oui:

279 972 515 1027 ‘Mulieres',
544 974 588 1014 in
619 974 742 1025 uam’,
773 978 952 1015 ‘nostrae
981 973 1155 1015 tiaratae
1185 980 1227 1016 et
1254 971 1501 1026 teristratae,
1536 971 1617 1015 viri
1645 972 1762 1030 equi·
1794 994 1798 995 ⁷

278 1036 369 1072 tant
397 1029 552 1086 pileati.
646 1044 694 1071 ec
722 1029 843 1071 decet
871 1043 949 1070 vos
978 1027 1231 1085 compellere
1260 1029 1446 1085 patrium
1474 1042 1542 1071 me
1570 1027 1641 1071 hic
1669 1043 1763 1072 mu-

278 1093 366 1128 tare
408 1100 581 1139 morem,
625 1100 723 1127 cum
765 1091 940 1138 vestros,
983 1098 1062 1127 nos
1104 1084 1330 1135 adeuntes,
1402 1084 1557 1127 atrium
1598 1098 1763 1128 morem

278 1147 419 1184 tenere
449 1142 656 1194 sinamus3
686 1141 886 1183 manicati
914 1141 1040 1194 enim,
1068 1140 1246 1194 fasciati,
1285 1138 1344 1183 fib
1416 1140 1492 1196 tie,
1519 1140 1674 1195 criniti,
1701 1146 1764 1185 ta-

277 1196 356 1239 lari
386 1198 529 1240 tunica
556 1197 705 1251 induti,
734 1212 865 1254 penes
894 1212 973 1239 nos
993 1197 1197 1253 equitant,
1227 1195 1442 1250 incedunt,
1470 1211 1642 1240 mensae
1658 1197 1764 1240 assi-
1797 1229 1798 1232 ,

278 1253 390 1307 dent,
420 1261 474 1306 et,
506 1253 619 1310 quod
646 1254 799 1295 nostris
829 1253 1025 1295 omnibus
1054 1254 1179 1295 nimis
1208 1260 1226 1295 t
1309 1267 1332 1295 e
1360 1252 1543 1307 videtur,
1570 1252 1656 1310 ipsi
1682 1252 1763 1297 soli
1789 1286 1792 1292 .

279 1309 416 1366 capite
447 1318 592 1366 operto
622 1310 897 1366 imperatores
927 1316 1094 1352 nostros
1124 1309 1251 1352 deosc
1298 1316 1434 1352 antur.
1453 1335 1511 1342 -—
1529 1308 1658 1363 Quod
1675 1323 1764 1353 non

276 1364 455 1421 amplius
483 1365 574 1408 fieri
603 1365 707 1408 deus
727 1366 974 1422 permittat’!
995 1366 1147 1408 tacitus
1168 1365 1272 1407 dixi.
1291 1391 1347 1398 -—
1367 1365 1607 1408 ‘Revertere
1625 1365 1762 1423 ergo'l
1787 1389 1788 1392 ¹

276 1421 319 1462 in
351 1421 425 1463 uit.
1798 1451 1799 1454 ,

322 1436 350 1478 q
387 1477 454 1520 38.
512 1477 637 1530 Quod
674 1491 771 1519 cum
808 1477 1006 1532 facerem,
1042 1485 1270 1520 occurrunt
1302 1477 1406 1519 mihi
1442 1477 1653 1521 commisti
1690 1491 1764 1522 cn·
1793 1518 1796 1523 .
1830 1489 1833 1534 ξ

307 1532 401 1587 reis,
431 1547 537 1590 quos
566 1533 648 1590 ipsi
677 1533 836 1587 dicunt,
867 1534 1027 1591 onagri.
1077 1534 1175 1585 Sed,
1206 1548 1377 1591 quaese,
1407 1531 1551 1591 quales
1581 1547 1606 1576 o
1716 1533 1764 1576 ‘⁴?
1830 1536 1833 1589 ζ

275 1548 434 1642 {Quales
463 1597 560 1632 sunt
590 1589 823 1632 Cremonae
853 1590 1087 1632 domestici.
1132 1589 1261 1634 Color
1287 1589 1414 1644 idem,
1441 1589 1579 1632 forma
1676 1604 1762 1645 om,
1831 1626 1834 1630 .

275 1645 402 1686 auriti
428 1645 587 1700 itidem,
616 1645 783 1688 vocales
811 1645 1001 1689 similiter
1030 1661 1127 1688 cum
1156 1646 1309 1689 rudere
1336 1646 1566 1702 incipiunt,
1599 1647 1763 1704 magni-
1793 1686 1796 1695 ‚
1831 1663 1835 1699 ξ

273 1699 376 1742 tudo
415 1715 499 1743 non
529 1701 685 1758 dispar,
723 1701 923 1745 velocitas
961 1717 1058 1756 una,
1088 1701 1232 1745 dulces
1260 1701 1403 1759 lupis‘¹
1433 1717 1582 1760 aeque.
1639 1701 1761 1757 Quos
1793 1721 1795 1723 ·

275 1770 375 1799 cum
403 1757 605 1811 viderem,
634 1758 892 1815 coequitanti
922 1757 1088 1802 Graeco
1117 1759 1314 1816 inquam:
1353 1757 1626 1802 ‘Huiusmodi
1651 1772 1785 1802 num.
1832 1763 1835 1814 ξ

275 1827 403 1869 quam
442 1813 487 1855 in
526 1813 713 1856 Saxonia
746 1813 862 1856 vidi'.
922 1815 1001 1869 Si',
1037 1815 1196 1872 inquit,
1235 1814 1445 1857 ‘dominus
1473 1821 1576 1858 tuus
1611 1821 1762 1860 saneto
1792 1838 1798 1866 χ
1833 1819 1837 1873 g

273 1869 517 1925 imperatori
559 1870 840 1925 morigeratus
875 1870 1025 1926 fuerit,
1063 1869 1218 1913 multos
1256 1869 1317 1912 illi
1350 1870 1592 1914 huiusmodi
1626 1870 1759 1927 dabit,
1833 1876 1837 1924 ξ

274 1924 436 1989 eritque
463 1924 523 1966 illi
551 1940 637 1967 non
665 1940 796 1982 parva
815 1926 962 1983 gloria,
992 1928 1123 1969 cumi
1157 1942 1201 1970 se
1220 1925 1468 1984 possidebit,
1499 1926 1615 1984 quod
1632 1942 1761 1971 nemo
1797 1935 1798 1938 ’
1834 1951 1837 1986 3

273 1979 542 2023 dommorum
571 1981 838 2024 decessorum
867 1998 1041 2025 suorum
1069 1984 1112 2026 vi
1144 1984 1199 2025 it’.
1248 1982 1335 2026 Sed
1354 1982 1459 2025 mihi
1486 1982 1657 2039 credite,
1686 1983 1763 2027 do-
1797 2003 1802 2011 *
1836 2025 1837 2028 ,

274 2036 378 2078 mini
412 2038 497 2080 mei
531 2038 717 2094 augusti,
761 2038 971 2082 confrater
1008 2047 1050 2083 et
1087 2040 1366 2096 coepiscopus
1403 2054 1525 2082 meus
1563 2038 1763 2083 dominus
1799 2051 1802 2090 j

273 2091 511 2135 Antonius²
540 2100 680 2150 potest
706 2109 791 2136 non
820 2094 1037 2138 inferiores
1057 2096 1171 2149 dare,
1199 2102 1247 2138 ut
1266 2095 1520 2139 commercia
1536 2101 1759 2151 testantur,
1790 2138 1793 2143 ,

276 2163 384 2205 quae
413 2149 520 2192 fiunt
549 2148 803 2205 Cremonae3
832 2158 960 2208 atque
988 2152 1071 2208 ipsi
1098 2166 1185 2193 non
1222 2151 1370 2208 onagri
1409 2151 1485 2195 sed
1521 2150 1758 2207 domestici,

275 2218 362 2246 non
405 2205 531 2247 vacui
583 2205 657 2248 sed
701 2208 862 2249 onerati
899 2207 1149 2264 procedunt.
1218 2207 1304 2250 Sed
1342 2222 1442 2250 cum
1476 2221 1528 2251 ea
1563 2209 1760 2266 superius
1793 2237 1796 2240 -

275 2260 358 2302 scri
389 2267 432 2303 ta
467 2260 600 2304 verba
637 2260 750 2304 idem
789 2263 1031 2320 Nicephoro
1068 2264 1321 2317 nuntiasset,
1358 2263 1616 2307 transmissis
1652 2262 1758 2307 mihi
1784 2266 1802 2284 ¹

274 2314 359 2358 dua
388 2331 438 2358 us
477 2318 651 2382 capreis,
694 2326 742 2361 ut
778 2319 962 2374 abirem,
999 2319 1212 2363 licentiam
1251 2319 1381 2363 dedit.
1436 2319 1489 2363 In
1526 2321 1758 2364 crastinum
1787 2359 1792 2362 .

273 2379 414 2415 autem
444 2372 612 2430 Synam
639 2388 788 2417 versus
816 2375 1039 2432 profectus.
1778 2394 1789 2428 j

235 2480 238 2484 λ
384 2427 451 2471 39.
519 2429 604 2471 Sed
653 2444 729 2471 cur
775 2432 1010 2474 exercitum
1057 2439 1196 2474 1111110·Ξ
1244 2432 1289 2474 in
1329 2431 1532 2488 Assyrios
1573 2432 1757 2487 duxerit,
1799 2488 1801 2490 q

303 2497 432 2526 uaeso
471 2485 687 2527 advertite.
751 2486 924 2530 Habent
965 2487 1118 2530 Graeci
1157 2495 1199 2530 et
1234 2488 1434 2531 Saraceni
1465 2486 1610 2543 libros,
1645 2501 1754 2547 quos
1783 2505 1794 2513 ²

302 2537 455 2595 ράσεις,
486 2540 573 2583 sive
602 2541 796 2595 visiones,
824 2543 1016 2586 Danielis
1035 2551 1202 2598 vocant,
1230 2559 1310 2600 ego
1330 2551 1472 2588 autem
1492 2543 1755 2602 Sibyllanos3
1787 2555 1798 2601 j

272 2594 319 2636 in
346 2593 501 2652 quibus
530 2596 730 2652 scriptum
758 2600 976 2654 reperitur,
1013 2607 1116 2657 quot
1152 2601 1274 2642 annis
1311 2601 1540 2658 imperator
1572 2601 1754 2659 quisque
1788 2611 1801 2654 ξχ

275 2677 306 2712 ι)
327 2679 407 2706 fruet
407 2687 515 2706 uuuuu
530 2680 558 2706 ο.
581 2681 759 2707 fruticosum
773 2681 896 2709 σκαιῶν.
951 2683 983 2717 b)
1001 2691 1164 2711 amenum
1187 2685 1218 2713 c.
1270 2685 1349 2719 c)a1.
1371 2685 1500 2718 vipoun
1521 2685 1551 2713 σ.
1597 2683 1629 2720 d)
1645 2685 1760 2720 rupes?

276 2717 398 2746 oium.
479 2717 508 2753 e)
530 2726 592 2745 non
614 2719 644 2746 G.
1786 2722 1789 2730 ³

278 2779 316 2824 1)
339 2777 563 2829 περιβόλαια,
589 2782 660 2816 luci
685 2783 837 2818 ferarum
863 2787 971 2820 muris
996 2792 1058 2820 aut
1081 2788 1225 2832 sepibus
1252 2789 1372 2831 cincti,
1399 2789 1443 2822 cf.
1461 2790 1545 2824 Ant.
1563 2789 1624 2823 111
1642 2799 1674 2824 c.
1695 2790 1755 2824 14.
1790 2778 1792 2794 ³

280 2829 319 2872 2)
343 2830 542 2876 Episcopus
568 2830 774 2875 Brixiensis,
802 2834 847 2867 ef.
871 2835 952 2868 Ant.
978 2836 1011 2868 V
1038 2847 1069 2871 c.
1097 2837 1153 2870 29.
