1838 3210
315 250 381 284 148
677 245 980 280 LIUDPBANDI
1007 245 1230 279 LEGATIO.
1281 245 1438 279 27-29.

231 362 411 419 vosipsi,
439 362 484 403 in
511 360 735 416 imperium
766 365 954 400 nostrum
983 363 1030 399 ut
1057 357 1327 413 recipiantur,
1366 354 1578 413 flagitant3
1614 354 1692 400 sed
1727 370 1795 400 ro·

312 423 431 460 cusat
459 430 531 459 eos
559 423 748 458 nostrum
778 413 1015 469 imperium,
1050 419 1098 455 ut
1131 418 1392 469 cognoscant
1428 418 1472 455 et
1506 412 1813 470 experiantur,

168 486 219 520 ·ρ.
233 485 298 513 ³5³.
313 488 440 531 quam
477 475 493 490 ⁸
533 470 786 514 ericulosum
826 470 891 522 sit,
929 482 1072 510 servos
1107 482 1134 509 a
1160 468 1344 511 dominis
1380 466 1628 522 declinasse,
1665 468 1810 512 servi-

313 536 445 572 tutem
475 487 672 592 egugcrc.
731 526 787 568 Et
824 533 888 567 est
924 524 1140 567 decentius
1177 524 1348 567 domino
1387 532 1474 579 tuo,
1513 531 1562 568 ut
1587 522 1692 567 mihi
1720 538 1795 568 eon

310 585 450 629 tradat
491 598 672 635 amicus,
724 596 851 639 quam
895 579 997 622 mihi
1041 580 1226 623 dimittat
1267 581 1436 622 invitus.
1505 579 1796 638 Experiment-

342 641 448 694 lane,
478 641 563 681 vita
593 639 757 691 comite,
788 637 891 696 quid
920 637 975 679 sit
995 636 1142 679 herum
1161 635 1317 691 fallere,
1347 636 1452 694 quid
1471 636 1526 680 sit
1550 636 1795 680 servimen

311 658 523 750 gesemm
554 703 607 749 et,
639 701 685 736 ut
712 700 828 751 puto,
858 693 1044 735 sentiunt
1079 706 1192 734 nunc
1230 691 1344 759 quod
1373 691 1483 747 dico,
1521 691 1809 750 operantibus,

312 753 392 796 hoc
420 752 587 805 nostris,
617 751 689 808 qui
718 757 817 792 sunt
842 748 953 791 ultra
980 763 1109 802 mare,
1140 747 1370 791 milinbus'.
1806 772 1808 774 >

422 821 490 863 28.
535 819 701 873 Quibus
731 817 985 874 respondere
1016 832 1082 858 me
1111 831 1196 858 non
1224 817 1437 873 permisit;
1473 813 1551 859 sed
1578 816 1696 860 abire
1724 830 1797 860 eu-

311 877 515 934 pientem,
559 875 613 918 ad
655 889 845 918 mensam
897 887 1017 915 suam
1059 872 1196 915 redire
1239 873 1443 930 precepit.
1514 871 1599 916 Oui
1647 878 1792 930 pater¹

310 932 480 986 assedit,
509 932 649 985 homo,
679 937 726 973 ut
754 930 856 972 mihi
882 928 1119 982 videbatur,
1150 935 1275 971 natus
1295 936 1467 972 centum
1485 928 1807 987 quinquaginta,

309 989 431 1031 annis
445 996 473 1030 ².
533 987 614 1030 Cui
642 987 802 1040 itidem,
841 992 888 1028 ut
916 985 1015 1038 filio,
1057 984 1213 1027 Graeci
1251 986 1296 1026 in
1333 984 1544 1040 laudibus,
1580 985 1713 1028 immo
1749 985 1797 1028 in

310 1045 447 1088 ventis
477 1045 576 1097 suis,
607 1043 711 1085 deus
740 1057 873 1084 annos
909 1049 956 1084 ut
984 1039 1247 1097 multiplicet,
1283 1039 1560 1084 conclamant.
1624 1041 1724 1095 Qua
1750 1039 1814 1084 in

309 1116 367 1155 re,
399 1114 526 1157 quam
556 1100 638 1141 sint
669 1097 825 1140 Graeci
854 1096 984 1152 stulti,
1013 1111 1196 1154 quamve
1224 1097 1351 1140 huius
1384 1096 1545 1163 gloriae
1572 1103 1797 1154 amatores,
1837 1134 1838 1137 ,

311 1171 491 1214 quamve
529 1154 780 1209 adulatores,
822 1168 950 1211 quam
981 1152 1139 1210 cupidi,
1176 1152 1275 1195 hinc
1313 1152 1509 1211 colligere
1547 1163 1838 1219 possumus,

310 1219 458 1270 optant
477 1211 554 1254 soli
573 1226 659 1253 non
679 1210 779 1265 sola,
810 1209 885 1253 sed
914 1208 1122 1252 silicernio
1132 1217 1160 1263 ³,
1191 1209 1306 1267 quod
1333 1216 1529 1252 naturam
1553 1223 1691 1267 1psam
1709 1216 1809 1253 nou·

309 1269 400 1326 pati
429 1273 542 1310 certo
574 1268 732 1321 sciunt3
762 1266 921 1324 gaudet
949 1273 990 1308 et
1019 1265 1277 1308 silicernium
1306 1282 1358 1310 ea
1385 1265 1467 1309 sibi
1495 1265 1646 1323 optari,
1684 1278 1806 1324 quae

310 1339 389 1367 nec
429 1323 556 1367 deum
593 1323 745 1378 facere,
783 1337 862 1365 nec
902 1322 1012 1365 sibit
1050 1322 1252 1379 prodesse
1289 1322 1364 1366 sed
1401 1321 1564 1377 obesse,
1596 1321 1725 1365 etiam
1769 1343 1784 1359 a

309 1381 481 1434 faceret,
501 1380 629 1422 novit.
667 1378 793 1432 Quod
844 1393 972 1421 uaeso
987 1377 1276 1436 Nicephorum
1295 1378 1482 1436 gaudere
1586 1378 1597 1389 ⁰
1629 1377 1774 1421 ΒΜ...

310 1436 427 1478 illum
457 1442 498 1478 et
525 1435 773 1493 phosforum
804 1393 1054 1478 clamabant.
1111 1434 1395 1491 Impotentem
1445 1434 1455 1444 ⁸
1482 1434 1492 1444 ⁰
1510 1448 1592 1489 em,
1621 1432 1705 1476 stul
1716 1453 1801 1471 ······
1829 1423 1835 1515 ι

309 1493 561 1550 sapientem,
609 1491 783 1535 brevem
825 1505 1047 1547 magnum,
1097 1491 1266 1547 nigrum
1314 1490 1477 1544 album,
1524 1503 1694 1548 peeoe
1735 1511 1745 1528 ι
1763 1512 1801 1528 υ-

310 1556 504 1590 sanctum
542 1548 695 1602 dicere,
734 1547 838 1589 mihi
877 1547 1049 1601 credite,
1089 1561 1175 1589 non
1201 1546 1293 1589 laus
1323 1546 1398 1590 sed
1426 1545 1684 1589 contumelia
1726 1567 1755 1584 a:
1798 1560 1801 1578 ³

309 1604 367 1647 Et
403 1605 477 1661 qui
519 1603 655 1646 aliena
692 1604 828 1659 magis
894 1603 1022 1646 audet
1059 1603 1142 1646 sibi
1177 1602 1402 1645 acclamari
1439 1617 1569 1661 quam
1635 1616 1716 1670 rop
1740 1602 1752 1613 ’
1787 1623 1790 1625 ·
1827 1633 1832 1646 .

310 1659 463 1758 {pibus
492 1661 664 1702 omnino
693 1667 757 1703 est
785 1619 944 1714 simfiis,
987 1673 1169 1716 quarum
1209 1660 1410 1702 intuitum
1446 1673 1536 1702 nox
1573 1659 1584 1669 “
1617 1672 1764 1702 umma
1794 1684 1804 1695 0

341 1717 400 1759 'es
429 1723 585 1759 caecat.
1794 1724 1797 1726 ’

1827 1517 1833 1632 Ξ

1826 1650 1832 1714 ἔ

1826 1714 1831 1736 Ι

1273 1783 1283 1792 .
1730 1781 1741 1793 .
1794 1759 1795 1763 ’
1826 1737 1830 1782 ⁸

423 1785 491 1827 29.
537 1783 623 1827 Sed
649 1782 873 1826 redeamus
902 1783 958 1826 ad
985 1798 1088 1826 rem.
1145 1783 1242 1825 Hac
1270 1797 1316 1824 m
1336 1790 1511 1833 coena⁶,
1541 1781 1659 1840 quod
1676 1797 1706 1840 p
1755 1804 1799 1828 vx„
1826 1784 1830 1808 ¹

310 1855 397 1882 non
423 1840 595 1894 fecerat,
629 1853 734 1881 voce
770 1838 907 1882 elata‘¹
947 1839 1062 1882 beati
1095 1838 1298 1882 Iohannis
1334 1837 1627 1896 Chrysostomi
1661 1836 1788 1882 homi
1825 1809 1830 1878 ¹

311 1895 412 1939 liam
440 1897 484 1938 in
512 1894 798 1953 apostolorum
826 1894 993 1938 actibus
1021 1895 1162 1952 legere
1190 1896 1326 1938 iussit.
1382 1895 1487 1938 Post
1510 1894 1632 1938 cuius
1651 1893 1767 1938 lecti·
1825 1882 1829 1940 Ι

310 1952 376 1994 nis
417 1952 654 2006 terminum,
699 1966 796 1993 cum
831 1951 887 1994 ad
924 1966 1000 1994 vos
1038 1951 1245 1995 redeundi
1281 1950 1496 1994 licentiam
1533 1959 1790 2010 quaererem*
1824 1942 1829 2005 ζ

312 2022 361 2050 ca
393 2008 450 2051 ite
489 2023 533 2051 se
571 2008 630 2050 ita
665 2007 876 2050 facturum
913 2008 1106 2062 innuens,
1147 2008 1280 2074 recipi
1317 2021 1386 2051 me
1423 2007 1479 2050 ad
1517 2007 1716 2053 concives
1763 2010 1794 2044 :A
1822 2007 1827 2058 i

313 2079 364 2106 co
395 2063 622 2107 abitatores
657 2078 775 2106 meos
813 2062 956 2106 leones
994 2070 1254 2121 persecutori
1296 2078 1392 2107 meo
1433 2063 1603 2107 indixit.
1665 2063 1781 2118 Ωιιι·
1823 2101 1826 2108 ,

169 2133 230 2159 1u1.
253 2133 298 2158 20·
313 2134 410 2162 cum
438 2119 571 2175 fieret,
600 2134 685 2162 non
713 2135 808 2162 sum
837 2119 891 2163 ab
922 2135 972 2163 eo
1000 2121 1117 2162 visus
1146 2134 1281 2176 usque
1318 2120 1364 2162 in
1390 2119 1684 2163 tertiodecimo
1760 2152 1762 2155 s
1823 2110 1827 2151 l

311 2175 457 2218 lendas
500 2176 708 2232 Augusti,
760 2175 836 2218 sed
885 2175 1109 2233 diligenter
1151 2175 1405 2230 custoditus,
1452 2190 1507 2219 ne
1553 2175 1737 2234 cuiusp·
1763 2196 1781 2210 ··
1821 2153 1826 2244 Ξ

310 2231 472 2275 fruerer
499 2247 705 2286 sermone,
735 2233 808 2289 qui
836 2246 935 2274 suos
964 2231 1069 2274 mihi
1097 2238 1218 2274 actus
1246 2232 1463 2275 indicaret.
1499 2231 1670 2275 Interea
1708 2236 1728 2269 ἓ
1762 2229 1794 2256 ⁴³*
1821 2249 1825 2295 Ι

311 2287 532 2342 mizonem,
562 2286 781 2331 Adelberti
808 2290 1020 2343 nuntium,
1049 2303 1095 2331 se
1123 2288 1242 2331 adire
1270 2288 1406 2342 iussit,
1465 2301 1566 2330 uem
1593 2301 1693 2331 cum
1733 2308 1739 2325 ι
1820 2297 1824 2344 ᾗ

311 2342 396 2385 vali
425 2358 500 2385 suo
530 2344 721 2386 exercitu
749 2343 886 2386 redire
944 2345 1109 2402 recipit.
1166 2344 1358 2387 Fuerunt
1385 2344 1439 2386 ch
1534 2343 1607 2387 dia
1639 2348 1651 2382 Σ
1685 2348 1697 2383 Σ
1734 2349 1764 2366 “
1820 2345 1824 2392 1

311 2398 564 2441 Rusiorume
594 2414 723 2442 naves
752 2400 808 2452 II,
849 2359 1039 2444 Gallicae
1069 2401 1134 2455 113
1170 2401 1207 2442 si
1234 2399 1330 2457 plus
1358 2400 1536 2455 miserit,
1571 2414 1677 2458 quas
1718 2420 1752 2437 ··
1820 2393 1823 2440 ἶ

312 2453 502 2509 viderim,
531 2455 688 2498 nescio.
726 2455 989 2510 Vestrorum,
1019 2456 1180 2499 domini
1205 2457 1291 2499 mei
1315 2457 1591 2514 imperatores
1620 2476 1624 2492 τ
1647 2475 1684 2508 vg
1706 2476 1711 2493 ·
1732 2476 1738 2493 2
1819 2451 1822 2497 ἕ

313 2509 494 2552 militum
522 2510 722 2553 fortitudo
750 2526 835 2553 non
865 2518 973 2568 eget,
1003 2519 1051 2555 ut
1078 2513 1415 2556 adversariorum
1434 2511 1685 2570 impotentia
1714 2532 1717 2536 ·
1742 2533 1782 2551 ιε
1817 2500 1822 2601 ¹!

1817 2643 1821 2690 ἱ

313 2618 344 2652 a)
365 2617 421 2644 tibi
442 2619 470 2645 U.
531 2616 563 2651 b)
583 2619 634 2644 Hic
654 2620 726 2645 deest
747 2620 858 2652 aliquid
879 2621 907 2647 0.
969 2620 997 2655 c)
1015 2629 1112 2649 caena
1125 2622 1154 2648 0.
1176 2624 1308 2656 saepius.
1371 2621 1403 2656 d)
1418 2622 1458 2648 al.
1478 2622 1661 2655 voculam,
1680 2628 1721 2648 ox
1740 2634 1754 2643 ν’
1818 2615 1821 2641 ⁵

313 2658 433 2690 corrigo
453 2665 529 2684 voco
550 2658 640 2684 olm.
663 2659 747 2686 CAN.
767 2660 819 2692 qm·
838 2666 914 2686 voce
930 2660 1040 2687 Latina
1059 2661 1091 2687 in
1109 2664 1187 2689 testu
1205 2663 1296 2689 habes.
1338 2661 1368 2696 e)
1384 2662 1426 2688 n'ea
1445 2662 1567 2691 σοι-ναί.
1580 2661 1754 2688 ωσι-ιιι-
1773 2668 1780 2699 3
1817 2694 1819 2703 ⁴

315 2743 353 2788 1)
379 2746 463 2780 Fuit
487 2747 518 2780 is
542 2745 679 2780 Bai-das
704 2747 853 2788 Phocus,
886 2758 992 2791 quem
1018 2749 1238 2793 Nicephorius
1270 2750 1456 2794 imperium
1481 2748 1632 2794 adeptus
1657 2747 1699 2783 0
1779 2783 1781 2786 ,

311 2804 388 2828 rem
411 2794 590 2829 salutavit.
618 2793 726 2829 CAN.
825 2794 864 2838 2)
889 2797 965 2830 Leo
998 2798 1180 2832 Diaconus
1205 2797 1317 2842 (Hist.
1344 2799 1378 2832 V
1403 2810 1435 2834 c.
1461 2796 1501 2842 5)
1527 2809 1608 2832 eum
1630 2792 1720 2844 ὓπὲρ
1768 2800 1770 2802 ’
1816 2823 1817 2826 ,

312 2839 535 2889 ἐννενήκοντα
560 2841 619 2888 ἔτη
646 2839 883 2890 ὃιαβιώσαντα
909 2846 1039 2880 obiisse
1066 2847 1154 2880 dicit
1171 2847 1220 2890 (a.
1239 2847 1341 2891 969),
1367 2847 1413 2881 cf.
1431 2847 1636 2892 Theophm.
1654 2857 1713 2881 oo·
1733 2846 1750 2869 -‘
1770 2880 1774 2882 .
1815 2842 1817 2866 '3

312 2891 366 2925 VI
391 2902 423 2925 e.
448 2892 508 2926 41.
604 2891 644 2935 3)
670 2893 755 2927 Seni
781 2894 974 2939 decrepito.
1775 2917 1776 2920 ¹
1824 2908 1825 2911 ’
