1838 3210
190 236 492 271 LIUDPRANDI
517 234 862 270 ANTAPODOSIS.
913 234 1009 269 LIB.
1035 235 1098 269 lv.
1152 235 1256 269 1-2.
1424 237 1467 269 79

151 348 329 391 victoria
355 347 444 391 sive
473 346 630 390 bellum
659 361 746 390 non
774 346 950 390 fortuitu
989 346 1063 389 sed
1098 346 1178 389 deo
1217 346 1467 404 disponente

182 404 404 447 rovenerit.

194 475 218 503 e
261 474 312 503 eo
384 459 470 503 uod
511 473 655 516 regem
699 466 884 502 castrum
920 458 1143 501 Brisicau⁸
1188 457 1464 514 obsidentem,

150 514 324 559 consilio
390 515 560 559 riderici
588 514 897 572 archiepiscopi
929 514 1048 558 multi
1079 514 1291 559 deserunt.

95 605 106 616 .
147 572 217 616 De
243 570 483 615 admirabili
512 571 747 614 constantia
773 579 816 614 et
842 571 1118 628 responsione
1147 586 1193 614 re
1225 571 1260 614 ’s
1283 571 1466 616 Ottonis.

49 634 106 672 ·:.
149 627 534 683 Quemadmodum,
571 627 651 670 deo
686 642 765 684 pro
792 642 894 684 rege
930 633 1159 685 pugnante,
1245 626 1466 671 'slebertus

147 691 277 744 atque
303 682 605 727 Reverardusb
642 682 697 726 ab
725 683 899 727 Hutone
936 690 979 726 et
1007 682 1266 727 Chuonrado
1295 684 1350 727 ad
1379 684 1466 727 An·

147 739 360 784 dex-nacha
387 740 472 783 sint
500 739 643 782 occisi.

44 803 54 811 ⁴
73 803 105 840 ⁰.
147 796 217 839 De
245 796 393 839 nuntio
423 796 497 853 qui
524 795 676 839 horum
705 802 882 839 mortem
912 796 1004 852 regi
1034 796 1201 840 nuntiat
1229 796 1330 839 dum
1361 795 1466 840 ecle-

148 853 255 896 siam
316 859 461 896 eteret.

92 941 103 952 .
145 909 239 952 Rex
326 915 385 952 tto
428 908 482 951 de
525 908 702 950 istorum
738 913 873 950 morte
915 907 1115 952 Bertaldo
1254 910 1465 952 oariorum

146 964 259 1019 duci,
290 972 332 1008 et
361 963 477 1022 quod
507 964 546 1007 ei
576 978 763 1007 sororem
793 964 882 1007 sive
913 965 1069 1008 sororis
1098 979 1200 1008 suae
1249 964 1348 1008 liam
1369 980 1465 1009 con-

32 1071 34 1075 v
146 1021 287 1079 iugem
317 1020 417 1064 dare
445 1019 560 1075 velit,
591 1019 821 1064 denuntiat.

29 1080 103 1121 1.
146 1077 216 1121 De
251 1076 468 1120 Friderico
511 1076 829 1133 archiepiscopo
855 1077 948 1134 -qui
990 1078 1077 1119 iam
1121 1077 1282 1121 dudum
1321 1093 1464 1135 regem

35 1138 38 1139 ⁷
145 1132 331 1177 deseruit
357 1139 400 1176 et
426 1133 481 1175 ad
508 1132 766 1175 Metensem⁶
796 1131 944 1176 urbem
971 1140 1020 1175 ut
1038 1140 1319 1191 congregaret
1346 1149 1465 1178 exer·

146 1190 304 1233 citum‘¹
334 1189 423 1243 ivit,
452 1187 525 1232 ubi
556 1188 609 1233 de
638 1195 774 1231 morte
804 1203 951 1231 eorum
979 1188 1158 1232 audivit.

90 1278 100 1288 .
146 1245 213 1289 De
241 1245 390 1289 eodem
418 1244 737 1303 archiepiscopo
768 1252 893 1302 capto
923 1251 966 1288 et
993 1245 1212 1290 custodiae
1241 1246 1408 1290 tradito.

90 1333 101 1344 .
143 1301 213 1345 De
241 1301 443 1345 Heinrico
473 1302 546 1368 qui
571 1316 597 1343 a
617 1315 760 1344 sorore
781 1300 1041 1359 prohibetur,
1070 1317 1125 1345 ne
1145 1303 1189 1345 in
1207 1303 1465 1346 munitiones

145 1365 294 1401 contra
315 1372 460 1415 regem
490 1357 763 1415 mgrediatur.

45 1421 100 1457 2.
144 1413 214 1457 De
256 1413 406 1458 eodem
449 1414 521 1471 qui
564 1414 677 1470 regis
719 1412 992 1471 postmodum
1036 1414 1092 1457 ad
1130 1414 1463 1459 misericordiam

144 1477 272 1514 vemt·
366 1525 731 1570 EXPLICIUNT
759 1524 1070 1570 CAPITULA.

153 1728 401 1773 ‘INCIPIT
430 1729 610 1773 LIBER
638 1729 919 1784 QUARTUS
948 1730 1279 1775 FELICITER.
1475 1749 1609 1783 mm.

53 1815 55 1818 ’
89 1823 126 1865 1.
182 1820 400 1866 Hactenus
443 1837 551 1880 quae
594 1822 759 1880 digesta
802 1831 910 1879 sunt,
957 1822 1155 1867 sacerdos
1183 1823 1459 1879 sanctissime,

67 1882 86 1921 t
112 1892 139 1921 a
164 1878 439 1936 gravisshnis,
469 1879 542 1936 qui
572 1894 623 1923 ea
651 1881 903 1934 creverant‘,
932 1880 1032 1922 viris
1061 1878 1218 1934 audivi,
1255 1881 1573 1938 exposui;·1·e-

43 1942 47 1946 ’·
127 1946 327 2033 ar
341 1934 803 2036 wemma&
827 1936 983 2036 2²:312
1011 1934 1308 2036 mmm
1323 1935 1459 2036 03⁹¹&

5 2064 7 2066 ·
42 2051 69 2097 '2
89 2045 172 2089 mis
198 2005 377 2103 gmtiffm
408 2046 535 2090 michi
565 2007 682 2091 vole’is
710 2047 933 2092 dulcedine
953 2047 1129 2107 adquire
1161 2007 1244 2091 aiil.
1283 2049 1325 2092 Is
1346 2007 1458 2093 effiin

2 2154 7 2161 Ι
49 2102 230 2168 oniam
258 2102 382 2146 adeo‘
412 2102 627 2160 diligebat,
657 2105 701 2147 in
729 2118 814 2163 qua
843 2119 911 2148 me
939 2103 1206 2163 coequalium
1228 2118 1459 2162 puerorum
1474 2118 1553 2147 we.
1571 2119 1670 2148 vnde.

3 2201 5 2204 .
52 2172 101 2208 ,ιο
127 2172 296 2203 vincere
327 2165 502 2216 poterat.

2 2255 9 2270 ,
46 2250 52 2259 „
87 2214 127 2258 2.
183 2214 319 2273 Igitur
346 2230 422 2258 rex
443 2214 572 2273 Hugo
602 2215 703 2259 dum
733 2218 974 2274 prosperari
1005 2215 1086 2260 sibi
1116 2223 1268 2261 cuncta
1295 2218 1457 2275 prospi-
1473 2227 1670 2256 wan-¹1⁶-

59 2302 66 2308 .
142 2269 275 2314 filium
318 2285 440 2314 suum
484 2271 747 2327 Lotharium,
791 2287 917 2331 quem
964 2287 1020 2316 ex
1063 2271 1174 2316 Alda
1209 2287 1343 2317 uxore
1383 2287 1459 2317 sua

4 2363 7 2369 .
71 2333 192 2382 ·erat,
239 2328 404 2371 cunctis
452 2327 756 2383 coniventibus,
805 2337 901 2387 post
948 2344 993 2372 sc
1037 2343 1181 2386 regem
1225 2330 1456 2373 constituit.

54 2387 66 2441 ss·
117 2384 358 2438 constituto,
408 2382 588 2442 qualiter
630 2384 822 2440 Romam,
866 2400 921 2428 cx
965 2400 1049 2442 qua
1086 2386 1268 2444 turpiter
1296 2386 1457 2430 ciectus

45 2438 123 2495 't‚
158 2447 299 2497 posset
327 2439 549 2498 adquirere
587 2441 812 2499 cogitabat.
882 2439 1071 2485 Collecta
1099 2442 1243 2500 itaque
1272 2441 1458 2486 multitu-

42 2527 70 2543 „
116 2494 399 2554 proficiscitur
427 2495 620 2539 Romam.
685 2495 820 2540 Cuius
856 2511 1116 2556 quamquam
1150 2497 1245 2542 loca
1284 2504 1326 2542 et
1363 2514 1457 2556 pro·

170 2552 444 2595 circumcirca
478 2554 629 2597 misere
664 2552 916 2609 devastaret,
952 2567 1130 2612 eamque
1165 2556 1301 2613 ipsam
1340 2556 1458 2599 cotti-

42 2621 105 2662 40
142 2609 303 2674 impetu
339 2609 605 2666 inpugnaret,
644 2608 908 2666 ingrediendi
951 2617 1093 2654 tamen
1132 2626 1224 2654 cam
1262 2610 1456 2655 effectum

5 2720 7 2722 ι
33 2720 35 2722 ¹
90 2671 229 2722 potunt
257 2662 486 2708 obtinere¹.
1474 2683 1635 2713 oss-9⁸&

87 2787 89 2790 -
108 2778 166 2819 ‚⁶⁸⁸⁸
190 2773 216 2801 2.
296 2771 327 2806 b)
346 2773 517 2801 houondu
541 2775 564 2802 1.
636 2774 663 2808 e)
685 2774 715 2801 lu
728 2782 778 2802 en
801 2777 877 2803 vecie
894 2777 991 2810 prim
1014 2777 1060 2803 uix
1080 2778 1277 2810 antimum.
1359 2777 1390 2812 d)
1410 2784 1458 2804 cx-
