1838 3210
283 333 536 382 90⁶,rcduxi’.
593 333 702 375 'rum
733 347 777 374 sc
807 332 914 374 istuc
944 330 1168 374 advenisse
1199 329 1344 374 dolens
1374 336 1415 374 et
1444 330 1667 374 Hattonis⁸
1695 330 1767 376 dol

217 405 298 440 Sept.
320 407 347 434 9.

280 511 346 580 έέὲῗ

278 2073 342 2102 899.

363 224 408 255 32
583 220 883 255 LIUDPRANDI
910 218 1253 254 ANTAPODOSIS.
1305 219 1399 253 LIB.
1427 219 1477 255 11.
1527 220 1634 255 7-9.

363 389 479 433 tarde
501 388 755 431 intellexisse
776 388 1004 443 suspirans,
1036 394 1120 428 tam
1142 387 1300 429 invitus
1320 386 1618 444 spiculatorem
1638 388 1759 446 sequi

362 460 488 503 quam
519 444 695 487 libenter
723 444 894 496 viveret,
925 442 959 484 si
991 441 1179 485 liceret1.

472 502 510 543 7.
557 501 706 543 Paucis
735 499 862 553 igitur
891 498 1147 555 interpositis
1174 499 1308 551 annis,
1338 512 1432 541 cum
1452 497 1592 542 nullus
1612 507 1736 555 esset,
1765 514 1794 558 q

360 559 401 599 in
444 556 634 599 orientali
675 554 902 597 australive
946 553 1071 610 plara
1117 553 1348 609 Hungariis
1391 556 1604 599 resisteret
1646 579 1698 587 —
1741 568 1838 607 nam

358 612 654 668 Bulgariorum
675 617 843 665 gentem
867 617 995 675 atque
1016 570 1251 652 f(z'iirecorum
1272 610 1536 654 tributariam
1555 610 1767 655 socen-ann
1788 614 1838 647 -ὲι

358 684 410 711 ne
476 668 549 711 uid
587 669 853 724 inexpertum
893 666 956 707 h1s
1000 672 1121 719 esset,
1166 681 1275 723 quae
1318 666 1395 708 sub
1437 666 1671 711 meridiano
1712 682 1740 711 a
1786 680 1838 713 ue

360 684 605 767 occitdentali
647 723 848 778 degerent
891 722 1057 764 climate
1100 722 1240 764 visere
1279 729 1475 778 satagunt
1511 723 1715 767 nationes.

359 796 503 823 menso
549 781 691 845 itaque
738 777 1116 835 innumerabilique
1161 777 1334 821 collecto
1379 779 1588 833 exercitu,
1638 779 1838 824 miseram

357 844 506 893 petunt
534 835 711 878 Itaham.
771 835 964 891 Cumque
994 835 1114 876 iuxta
1141 833 1319 877 fluvium
1339 834 1541 877 Brentam
1570 834 1722 879 defixis
1750 841 1838 880 ten-

358 893 536 946 toriolis,
580 892 710 933 immo
764 889 1027 943 centonibus,
1081 890 1222 933 triduo
1270 889 1610 948 exploratoribus
1652 891 1838 948 directis,

358 955 494 991 terrae
523 948 648 990 situm
677 948 898 1004 gentisque
937 946 1250 989 multitudinem
1280 961 1355 989 seu
1379 947 1595 990 raritatem
1623 946 1838 997 conscide-

357 1011 537 1057 rarent³,
567 1001 869 1060 repedantibus
898 1003 1055 1044 nuntiis
1084 1002 1324 1044 huiusmodi
1352 1017 1557 1059 responsa
1581 1003 1836 1070 suscipiunt:

358 1059 571 1102 ‘Planities
600 1059 679 1101 hec
706 1058 917 1101 nonnullis
947 1057 1072 1115 plena
1100 1057 1343 1112 colonobus,
1373 1073 1471 1113 uno,
1501 1065 1549 1102 ut
1567 1059 1751 1115 cernitis,
1779 1073 1838 1104 ex]

356 1115 485 1159 latere
515 1115 729 1158 montibus
760 1114 1002 1171 asperrimis
1040 1121 1168 1171 atque
1196 1113 1417 1169 fertilibus,
1454 1114 1584 1159 altero
1613 1115 1720 1158 mari
1749 1115 1838 1167 ‹Vtin-1¹

388 1173 469 1214 itur
496 1172 734 1225 Adriatico;
766 1171 894 1228 opida
922 1184 1021 1213 vero
1052 1185 1149 1212 cum
1179 1169 1390 1225 nonnulla,
1420 1178 1510 1214 tum
1544 1171 1811 1215 κωκυ·

357 1187 414 1270 {lt
441 1229 578 1284 gentis
609 1242 866 1284 quamquam
902 1227 1117 1282 ignoretur
1153 1225 1403 1269 inbecillitas
1438 1234 1513 1270 aut
1532 1226 1746 1283 fortitudo,
1773 1228 1831 1271 in·

357 1299 502 1326 mensa
530 1291 670 1327 tamen
701 1283 960 1340 conspicitur
988 1282 1225 1325 multitudo.
1283 1282 1432 1340 Neque
1461 1283 1575 1326 enim
1594 1289 1682 1327 tam
1701 1284 1828 1341 cop”

356 1340 505 1396 paucis
533 1339 708 1395 aggredi
746 1339 854 1382 hanc
892 1338 1122 1381 hortamur.
1186 1339 1346 1381 Verum
1384 1353 1480 1381 cum
1518 1338 1718 1383 nonnulle
1753 1339 1832 1383 sin

355 1410 435 1449 res,
457 1410 564 1461 quae
585 1410 661 1437 nos
711 1409 869 1450 ugnare
890 1394 1156 1451 compellant,
1185 1394 1420 1451 triumphus
1450 1394 1611 1438 scilicet
1629 1409 1754 1440 assae
1808 1416 1815 1433 t

355 1452 484 1493 anim1
522 1451 666 1494 fortitu
699 1466 736 1504 o,
774 1450 992 1507 pugnandi
1030 1451 1218 1503 scientia,
1258 1465 1360 1508 opes
1394 1451 1615 1507 presertim
1655 1466 1728 1518 <3³³
1774 1472 1809 1489 ιι

355 1507 563 1550 desiderio
594 1506 832 1563 fatigamur,
873 1521 982 1563 quae
1018 1507 1087 1548 hic
1123 1513 1184 1549 tot
1212 1507 1365 1562 insunt,
1407 1513 1510 1564 quot
1537 1514 1624 1550 toto
1660 1522 1706 1550 m
1732 1521 1760 1551 o
1794 1530 1801 1545 ·

354 1578 434 1606 nec
451 1563 635 1605 vidimus
654 1577 732 1605 nec
757 1562 902 1605 videre
929 1563 1213 1619 speravimus;
1242 1562 1364 1605 nobis
1391 1571 1534 1606 tamen
1561 1562 1762 1607 consultis
1782 1589 1824 1597 —

355 1634 494 1676 neque
524 1620 635 1662 enim
665 1618 838 1674 longum
858 1618 1095 1661 arduumve
1114 1619 1330 1662 remeandi
1350 1620 1430 1662 iter
1447 1625 1523 1674 est,
1553 1619 1669 1677 quod
1686 1619 1823 1664 decen

355 1681 494 1731 potest
533 1681 574 1717 et
616 1689 665 1717 eo
709 1676 848 1716 minus
891 1673 1038 1717 diebus
1080 1675 1227 1731 perfici
1268 1700 1313 1706 ——
1356 1682 1630 1730 revertemur,
1658 1681 1822 1719 ventur«

357 1732 554 1788 quatinus
591 1745 692 1773 vere
736 1729 930 1772 omnibus
975 1735 1112 1786 gentis
1154 1737 1323 1773 nostrae
1367 1730 1556 1774 collectis
1597 1730 1824 1776 for-fissia<

354 1787 588 1840 redeamus,
619 1787 755 1843 sitque
784 1786 848 1828 his
879 1801 975 1828 cum
1004 1787 1048 1827 in
1068 1786 1312 1829 fortitudine
1341 1793 1431 1829 tum
1460 1794 1603 1830 noster
1630 1788 1676 1830 in
1696 1786 1819 1831 multi

354 1843 499 1885 tudine
522 1841 679 1886 terror’.

466 1899 536 1940 8.b
580 1899 671 1941 Nec
710 1912 842 1951 mora,
878 1897 943 1939 his
982 1898 1136 1940 auditis
1172 1898 1227 1940 ad
1255 1899 1430 1956 propria
1464 1905 1744 1954 revertuntur,
1773 1906 1817 1943 to

355 1961 525 2011 tamque
554 1954 704 1997 hiemis
733 1969 779 1996 as
813 1954 1003 1996 eritatem
1032 1955 1075 1996 in
1104 1954 1360 1997 fabricandis
1388 1956 1532 2006 armis,
1562 1956 1607 1998 in
1628 1969 1783 1999 acuen
1797 1956 1807 1965 '

354 2010 541 2066 spiculis,
572 2011 616 2052 in
645 2010 780 2052 docen
813 2011 846 2052 ‘s
875 2009 1099 2052 iuvenibus
1128 2009 1227 2053 belli
1255 2011 1469 2065 noticiam,
1499 2010 1673 2056 ducunt.

467 2067 506 2108 9.
553 2066 625 2108 Sol
653 2066 837 2109 necdum
874 2066 1031 2122 piscis⁰
1070 2067 1240 2121 signum
1280 2067 1491 2120 deserens,
1529 2067 1673 2111 arietis
1709 2081 1816 2111 occu

384 2123 495 2176 abat,
540 2137 638 2164 cum
684 2122 875 2164 inmenso
918 2129 1043 2179 atque
1087 2121 1383 2165 innumerabili
1426 2121 1602 2166 collecto
1644 2138 1716 2166 ex·
1758 2170 1781 2175 ,

354 2137 519 2220 ftaliam
562 2183 749 2235 petunt⁴,
793 2176 1076 2235 Aquilegiam,
1120 2179 1346 2232 Veronam,
1398 2178 1699 2222 munitissimas
1741 2200 1785 2229 ,ς
1808 2214 1830 2233 ,χ

354 2239 570 2276 transeunt
598 2235 805 2288 civitates,
837 2240 879 2276 et
907 2233 1121 2287 Ticinum,
1159 2249 1267 2291 quae
1305 2249 1420 2278 nunc
1455 2233 1538 2277 alio
1573 2233 1699 2279 exell·
1720 2256 1726 2273 ι
1750 2257 1802 2288 ,¹0-

352 2289 487 2345 Papia
525 2295 693 2332 notatur
729 2289 951 2343 vocabulo,
992 2289 1116 2332 nullis
1154 2290 1456 2335 resistentibus*
1481 2291 1672 2334 veniunt.
1737 2290 1811 2335 Re:

352 2345 482 2400 igitur
509 2345 790 2401 Berengarius
810 2351 896 2387 tam
916 2345 1152 2402 preclarum
1172 2361 1416 2404 novumque
1443 2345 1610 2390 facinus
1638 2370 1691 2380 -
1719 2361 1777 2390 an
1803 2365 1827 2406 ‘3

1831 2034 1834 2108 1³

353 2471 383 2504 a)
405 2472 526 2498 hatonis
550 2474 575 2498 1.
655 2472 684 2505 b)
709 2474 758 2498 hoc
779 2476 863 2505 capue
882 2480 941 2498 non
962 2473 1148 2505 diseinmaitur
1172 2476 1198 2501 l.
1279 2473 1306 2507 c)
1331 2475 1440 2507 pisseis
1463 2475 1488 2500 1.

356 2576 393 2622 1)
420 2578 559 2612 Similia
586 2578 629 2611 de
653 2579 838 2612 Adalberti
863 2579 1038 2623 supplicio
1063 2580 1208 2612 tradunt
1233 2590 1275 2612 ex
1301 2591 1438 2614 rumore
1464 2580 1626 2625 populari
1643 2580 1806 2623 widukin

354 2626 418 2661 dus
453 2627 540 2671 (Res
574 2631 697 2670 gestae
724 2627 853 2661 Saxon.
880 2629 909 2668 I,
937 2638 966 2661 c.
995 2627 1069 2671 22),
1096 2628 1319 2662 Thietmarus
1350 2628 1495 2670 (Chron.
1522 2630 1552 2671 1,
1577 2641 1609 2663 c.
1635 2627 1686 2672 4),
1710 2628 1805 2663 Ekk«

352 2675 482 2709 hardus
496 2676 548 2709 1v
562 2676 691 2719 (Casus
706 2676 742 2710 S.
758 2676 865 2717 Galli,
881 2677 946 2710 SS.
960 2677 1007 2717 11,
1022 2676 1095 2718 83),
1114 2678 1197 2711 Otto
1216 2678 1454 2720 Frisingensis
1473 2677 1622 2722 (chron.
1634 2678 1698 2720 VI,
1712 2688 1744 2712 c.
1762 2676 1804 2710 1⁵
1818 2707 1820 2711 ,

354 2723 392 2767 2)
417 2725 570 2758 Primam
596 2725 632 2757 in
658 2726 843 2768 imperium
871 2725 1085 2758 Graecorum
1119 2727 1348 2770 irruptionem
1374 2727 1550 2771 Hungarii
1574 2737 1668 2760 anno
1693 2725 1804 2761 demo*

353 2773 424 2806 934
449 2772 621 2807 fecerunt.
710 2772 750 2816 3)
776 2775 800 2808 i.
826 2784 856 2807 e.
885 2773 1162 2807 considerarent.
1254 2775 1293 2818 4)
1318 2775 1396 2808 Non
1421 2776 1560 2818 Mart-io,
1585 2774 1649 2809 sed
1674 2774 1818 2819 Augus-¹

353 2832 485 2864 mense,
521 2823 551 2855 si
587 2822 753 2856 chronico
788 2822 1035 2856 Nonautulano
1068 2822 1156 2857 fides
1190 2823 1356 2857 habenda
1390 2828 1454 2865 est,
1487 2825 1664 2868 Hungarii
1690 2823 1797 2858 Italis

351 2871 564 2905 invaserunt.
