1838 3210
153 1159 161 1170 ⁶
174 1162 327 1190 articulus.

190 1479 199 1490 ⁸
213 1483 233 1509 i.
245 1489 270 1510 e.
283 1483 324 1509 in.

150 1518 160 1530 ⁸
171 1522 327 1550 articulus.

272 1889 325 1925 (1-)

260 1930 325 1958 924.

174 1969 263 1997 Mart.
280 1971 326 1999 12.

350 220 394 253 56
554 216 850 251 LIUDPRANDI
879 215 1223 250 ANTAPODOSIS.
1275 214 1369 248 LIB.
1394 213 1463 249 111.
1517 215 1622 250 1—8.

574 327 792 371 INCIPIT
821 327 997 369 LIBER
1025 325 1278 370 TERCIUS
1308 324 1521 370 BIBLOS
1552 329 1596 369 Γ.

460 424 495 462 1.
555 420 709 477 Operis
756 418 880 461 huius
925 417 1104 472 titulum,
1149 426 1268 476 pater
1311 419 1588 475 sanctissime,
1636 421 1738 464 satis
1784 427 1827 466 te

348 477 488 519 mirari
532 491 615 518 non
659 474 842 531 ambigo.
907 475 984 516 Ais
1026 475 1153 516 forte:
1211 474 1320 518 Cum
1366 474 1555 518 virorum
1597 473 1827 521 illustrium

345 540 465 575 actus
509 532 719 585 exhibeat,
758 546 832 573 cur
870 530 1181 583 Ανταπόδοσης,
1225 529 1510 587 antapodosis,
1549 531 1590 575 ei
1627 531 1828 577 inm-itm·

346 587 519 631 titulus?
566 587 635 629 Ad
666 586 779 644 quod
807 586 1093 643 respondem:
1128 586 1311 628 Intentio
1341 585 1464 629 huius
1493 586 1633 645 operis
1660 588 1717 632 ad
1743 588 1827 633 hoc

345 644 527 701 respicit,
557 651 603 686 ut
633 643 877 699 Bercngarii
906 642 1042 696 huius,
1081 642 1155 699 qui
1183 657 1296 684 nunc
1333 642 1378 684 in
1406 641 1528 685 Italia
1562 657 1648 687 non
1674 651 1826 703 regnat

345 699 418 742 sed
449 700 666 755 tyranizat,
695 705 822 756 atque
852 699 996 740 uxoris
1027 698 1117 740 eius
1147 697 1302 741 Willae
1345 713 1454 764 quae
1489 698 1545 743 ob
1582 699 1825 745 inmensita-

344 762 427 798 tem
458 754 691 811 tyrannidis
721 754 907 797 secunda
926 753 1104 808 Iezabel,
1135 760 1177 797 et
1196 754 1250 797 ob
1271 767 1514 811 rapinarum
1533 755 1825 800 insacietatem

344 811 494 852 Lamia
522 811 692 876 proprio
729 809 934 867 apellatur
962 808 1184 863 vocabulo,
1220 817 1338 861 actus
1374 810 1579 867 designet,
1616 812 1826 869 ostendat,

344 872 385 909 et
414 865 609 909 clamltet.
666 866 803 909 Tanta
830 867 941 909 enim
971 865 1280 908 mendatiorum
1318 866 1468 922 iacula,
1504 872 1622 911 tanta
1655 869 1823 926 rapinae

344 936 435 965 rum
466 921 698 979 dispendia,
728 928 843 964 tanta
873 922 1100 979 impietatis
1138 921 1355 964 molimina
1390 923 1435 965 in
1470 937 1539 966 me
1577 931 1620 968 et
1647 923 1838 970 domum÷

344 992 493 1032 meam,
524 979 817 1034 cognationem
848 986 890 1020 et
908 977 1122 1032 familiam,
1150 978 1281 1034 gratis
1301 993 1530 1023 exercuere
1564 987 1725 1038 quanta
1742 991 1838 1035 nec}

344 1033 489 1090 lingua
518 1034 705 1090 proferre
733 1048 812 1076 nec
843 1033 1028 1076 calamus
1058 1033 1247 1091 prevalet
1275 1033 1473 1078 scribere.
1550 1035 1585 1078 it
1610 1036 1743 1094 igitur
1760 1037 1838 1096 eis4j

374 1103 516 1132 resens
547 1091 703 1146 pagina
730 1090 1013 1146 antapodosis,
1043 1090 1124 1132 hoc
1154 1097 1218 1132 est
1244 1090 1479 1146 retributiO,
1517 1090 1619 1135 dum
1646 1106 1726 1159 pro
1754 1107 1823 1136 ca-

358 1145 600 1188 amitatibus
643 1146 747 1188 meis
790 1148 882 1199 τήν*
923 1145 1117 1202 ἆσεβεῖαν
1158 1148 1345 1200 asevian,
1388 1142 1434 1189 id
1476 1154 1540 1191 est
1575 1149 1823 1206 inpietatem

343 1215 500 1255 eorum,
531 1202 795 1258 presentibus
834 1202 1069 1259 futurisque
1106 1200 1355 1245 mortalibus
1393 1202 1676 1248 denudavero.
1732 1204 1824 1249 Nee

342 1258 479 1299 minus
523 1259 648 1299 etiam
685 1258 958 1300 sanctissimis
998 1264 1039 1300 et
1075 1258 1297 1301 fortunatis
1326 1259 1431 1301 viris
1466 1274 1544 1316 pro
1584 1258 1749 1307 collatis
1776 1261 1822 1305 in

342 1326 410 1355 me
439 1312 655 1355 beneficiis
684 1314 957 1370 antapodosis
987 1314 1078 1356 erit.
1135 1314 1206 1356 Ex
1234 1314 1478 1358 memoratis
1505 1329 1608 1360 sane
1634 1323 1711 1362 aut
1735 1332 1823 1362 me-

342 1368 554 1411 morandis
582 1368 720 1412 nullus
750 1371 960 1412 invenitur
996 1378 1070 1413 aut
1106 1385 1240 1425 rarus,
1276 1369 1358 1414 hoc
1394 1385 1493 1426 uno,
1530 1371 1821 1431 Berengariob

342 1423 499 1467 scilicet
528 1425 658 1481 impio
695 1433 862 1482 exepto,
900 1440 1079 1483 quorum
1115 1440 1200 1468 non
1238 1426 1459 1470 beneficiis
1495 1428 1710 1485 genitores
1747 1435 1824 1474 aut

340 1481 506 1536 genitus
547 1481 817 1525 vehementer
859 1482 1178 1538 gratularemur.
1250 1482 1449 1540 Denique
1492 1483 1610 1542 quod
1650 1487 1713 1529 εν*
1749 1487 1823 1540 τη*

342 1538 576 1591 εχμαλοσία,
607 1552 659 1580 en
687 1538 719 1579 ti
749 1537 1015 1592 echmalosia,
1046 1537 1126 1580 hoc
1155 1545 1219 1581 est
1252 1539 1296 1580 in
1326 1539 1570 1597 captivitate
1598 1555 1678 1585 seu
1734 1556 1823 1585 ere·

341 1592 586 1647 grinatione‚
616 1592 826 1636 libellulus
857 1594 926 1636 hic
956 1595 1219 1650 conscriptus
1249 1593 1428 1650 dicatur,
1457 1610 1632 1653 presens
1662 1597 1672 1607 “
1737 1598 1824 1642 ‘eat

342 1646 547 1690 exulatus.
606 1648 766 1705 Ceptus
806 1650 965 1715 quippe
1003 1649 1047 1692 in
1088 1650 1468 1706 Frankenenvurd,
1510 1653 1586 1710 qui
1627 1659 1693 1696 est
1728 1653 1822 1699 XX

341 1702 531 1746 miliariis
560 1703 677 1746 locus
705 1705 925 1761 Magontia
953 1706 1125 1761 distans,
1163 1706 1207 1748 in
1236 1706 1360 1749 Paxu
1388 1706 1528 1751 insula
1537 1716 1565 1763 ¹,
1594 1723 1680 1752 non
1711 1710 1822 1754 entis

342 1766 384 1801 et
413 1774 461 1802 eo
490 1759 670 1816 amplius
692 1760 1098 1819 Constantinopolim
1127 1762 1317 1805 miliariis
1337 1763 1512 1819 distans,
1541 1779 1677 1824 usque
1726 1765 1823 1812 odie

342 1823 551 1858 exaratur.
610 1815 695 1859 Sed
723 1817 946 1860 redeamus
975 1818 1030 1860 ad
1058 1834 1161 1861 rem.

451 1884 489 1925 2.
547 1883 662 1939 Rege
700 1884 955 1942 Berengario
1002 1886 1198 1930 defuncto
1243 1894 1371 1946 atque
1409 1888 1585 1932 absente
1623 1888 1820 1946 Rodum,

341 1937 658 1995 Hungariorum
707 1941 845 1984 rabies
890 1941 1066 1985 Salardo
1114 1944 1300 1999 preduce
1347 1951 1481 1988 totam
1528 1959 1606 2001 per
1650 1944 1822 1990 Italiam

341 1993 551 2049 dilatatur,
579 1995 685 2038 adeo
715 2003 763 2039 ut
800 2012 943 2040 muros
972 1998 1193 2055 Papiensis
1233 2001 1414 2043 civitatis
1443 1999 1555 2043 vallo
1584 2001 1819 2045 circumda·

340 2058 444 2103 rent,
474 2065 524 2093 ac
552 2051 702 2094 defixis
732 2067 808 2109 per
836 2055 975 2110 girum
1006 2056 1210 2110 tentoriis,
1249 2056 1435 2099 exeundi
1462 2056 1625 2100 aditum
1654 2056 1825 2102 civibus

339 2105 623 2162 prohiberent.
696 2108 781 2162 Qui
824 2124 920 2152 cum
963 2110 1027 2152 his
1071 2111 1232 2154 viribus
1275 2127 1361 2155 non
1402 2113 1597 2157 resistere
1633 2119 1822 2171 possent,

339 2162 523 2217 peccatis
553 2165 902 2220 promerentibus,
930 2180 1009 2208 nec
1038 2181 1211 2211 munere
1239 2167 1437 2212 mulcent.

369 2229 407 2270 3.
453 2229 602 2272 Clarus
632 2231 685 2274 ab
716 2232 853 2275 intuso
884 2232 1106 2278 discedens
1136 2235 1274 2279 sidere
1302 2236 1525 2280 Phoebus⁰
1644 2237 1821 2282 Veram.

452 2285 625 2328 Zodiaci
653 2288 835 2343 primum
865 2289 986 2332 solito
1018 2291 1302 2335 conscendere
1332 2292 1446 2335 sidu·

450 2341 539 2382 Inci
571 2342 615 2395 it,
645 2349 685 2384 et
712 2342 873 2398 gelidas
903 2345 1132 2390 dissolvere
1163 2348 1267 2391 colle
1297 2349 1513 2405 pruinas²,

450 2356 606 2438 Aeoliis
635 2403 760 2455 atque
790 2415 888 2442 suos
917 2401 1040 2445 binos
1069 2403 1135 2446 bis
1166 2405 1331 2448 mittere
1359 2404 1498 2459 flatus,

396 2462 416 2495 5
449 2451 719 2509 Ungrorum‘¹
748 2454 977 2498 furibunda
1005 2473 1155 2501 manus
1185 2475 1282 2502 cum
1310 2460 1470 2517 gaudet
1496 2461 1542 2502 in
1570 2459 1720 2504 urbem

451 2506 640 2550 Flatibus
669 2508 827 2552 Aeoliis
856 2512 1000 2555 adiuta
1028 2515 1246 2558 infundere
1275 2515 1481 2559 flammas.

452 2562 680 2619 Spiritibus
710 2564 861 2608 validis
890 2582 1048 2624 parvus
1079 2570 1330 2615 diffunditur
1358 2573 1487 2629 ignis3

339 2679 368 2745 ἓ)
400 2683 570 2748 τοεηέεηᾱεο
603 2685 628 2711 1.
710 2684 740 2717 b)
773 2686 906 2720 berenga
941 2691 966 2716 1.
1058 2689 1082 2723 c)
1114 2692 1230 2724 poebus
1264 2694 1289 2721 1.
1383 2692 1413 2727 d)
1446 2693 1489 2719 hie
1518 2700 1618 2719 verm:
1646 2697 1672 2720 ee
1700 2698 1822 2727 sequeno

357 2727 427 2746 mn
478 2741 484 2748 .

341 2806 378 2849 1)
402 2808 433 2841 A
458 2809 604 2843 meridie
638 2810 831 2856 Corcyrae,
861 2815 897 2848 in
921 2815 1022 2850 litore
1050 2818 1160 2862 Epiri.
1261 2819 1299 2863 2)
1331 2821 1439 2864 Verg.
1473 2821 1603 2865 Georg.
1642 2821 1691 2861 11,
1726 2819 1820 2855 268²

339 2855 549 2901 gelidaeque
575 2861 733 2903 pruinae.
1811 2895 1815 2899 ⁴
