1838 3210
324 237 366 268 10
528 233 830 268 LIUDPRANDI
857 230 1204 266 ANTAPODOSIS.
1256 230 1405 263 LlB.1.
1460 228 1614 263 11-12.
1810 214 1830 278 ’Ξῖ

143 359 306 389 ses-⁹12.
321 347 573 403 sanguinem
603 344 877 402 perduxisse'.
929 341 1165 385 Subridens
1186 341 1316 398 igitur
1335 341 1582 398 imperator:
1612 335 1831 397 ‘Recipeuiif

319 403 470 460 inquit,
501 402 713 454 mimam,
744 401 898 455 recipe,
927 405 970 441 et
998 413 1093 441 cum
1125 396 1205 440 hac
1226 396 1415 440 bisbinas
1434 409 1662 439 aureorum
1678 393 1824 443 librasf„

321 459 515 511 adsume3
546 456 649 499 nulli
678 471 780 499 vero
810 456 862 498 de
893 469 974 508 me,
1009 454 1089 495 nisi
1120 453 1352 509 aufugisse,
1388 451 1672 518 respondeas'.
1729 449 1820 494 His'

321 516 379 558 ita
407 515 550 571 gestis,
581 515 811 570 imperator
839 510 1002 567 vigiles,
1034 510 1107 567 qui
1138 525 1183 552 se
1213 515 1385 566 captum
1423 507 1683 561 dimiserant,
1749 506 1827 563 ili-¹

323 586 404 627 que
434 584 605 612 caesum
635 567 849 610 custodiae
879 566 1184 623 manciparant,
1215 566 1359 607 venire
1389 564 1593 621 precepit.
1641 521 1812 617 Quibus

322 634 364 668 et
392 626 470 668 ait:
502 624 802 680 ‘Vigilantibus
830 622 952 664 vobis
983 621 1306 678 custodiamque
1336 620 1498 663 civitati
1522 618 1812 677 prebentibus,

321 681 527 738 numquid
556 681 669 723 fures
708 677 935 745 aliquando
974 677 1187 719 adulteros
1218 692 1271 720 ue
1302 675 1558 719 offenditis’?
1601 675 1687 729 Qui
1714 689 1826 718 eum*

321 738 457 795 pretio
487 743 666 793 accepto
697 735 955 786 dim1serant,
994 733 1053 775 nil
1083 748 1127 776 se
1157 733 1198 775 vi
1233 733 1313 775 ‘sse
1343 731 1700 788 responderant⁸3
1739 730 1815 788 qui

321 807 422 835 vero
454 807 624 835 caesum
654 791 772 834 illum
803 790 1019 833 custodiae
1039 789 1344 845 manciparant,
1374 788 1434 830 ita
1452 786 1829 845 responden-anthr

322 850 532 904 ‘Precepit
570 849 771 891 δεσπότία
812 850 860 889 σέ
899 862 925 899 η
964 861 1083 899 αγια,
1124 845 1320 902 despotia
1358 858 1408 886 su
1447 844 1461 885 i
1499 843 1617 900 agia,
1666 841 1711 885 id
1749 847 1829 896 est,

323 905 553 947 dominatio
583 912 658 946 tua
687 910 848 956 sancta,
892 908 939 943 ut
967 903 1002 943 si
1032 900 1184 957 vigiles
1214 906 1312 957 post
1340 897 1640 956 crepusculum
1668 912 1815 956 quem-

324 975 451 1017 quam
494 959 636 1017 aliquo
682 957 1024 1002 deambulantem
1068 957 1353 1010 offenderent,
1401 970 1453 998 ca
1485 963 1575 998 tum
1618 954 1814 1012 protinus

323 1017 657 1073 verberibusque
687 1030 858 1057 caesum
889 1013 1107 1056 custodiae
1136 1013 1363 1056 traderent.
1462 1012 1526 1054 uis
1557 1011 1713 1068 itaque,
1741 1009 1815 1053 do·

323 1073 504 1115 minator
541 1072 805 1115 sanctissime
817 1079 848 1123 ⁰,
892 1069 1150 1112 iussionibus
1188 1083 1265 1110 nos
1303 1073 1522 1124 parentes,
1565 1066 1659 1119 hac,
1704 1079 1815 1124 quae

322 1134 559 1184 presentem
588 1128 796 1184 precessit
824 1126 948 1180 diem,
989 1132 1111 1167 nocte
1151 1124 1363 1181 quendam
1391 1123 1616 1181 lupanaria
1637 1125 1838 1189 percat-3

323 1190 486 1226 rentem
516 1184 719 1240 cepimus,
750 1181 1067 1238 flagellavimus,
1094 1181 1340 1237 carcerique
1368 1180 1425 1222 im
1461 1180 1616 1222 ositum
1634 1177 1838 1235 imperio}

323 1247 396 1282 tuo
440 1245 585 1282 sancto
629 1239 952 1296 producendum
995 1237 1282 1279 servavimus’.
1351 1195 1520 1289 szus
1561 1235 1838 1292 imperator:i

325 1295 460 1349 ‘Cit0',
499 1297 657 1351 inquit,
697 1301 757 1337 ‘ut
795 1295 839 1336 in
878 1292 1067 1336 medium
1106 1292 1386 1349 producatur,
1425 1297 1614 1348 potestas
1646 1289 1818 1347 imperii

323 1352 407 1394 mei
435 1353 563 1394 etiam
592 1357 721 1407 atque
750 1351 878 1393 etiam
906 1350 1113 1406 imperat'.
1171 1347 1260 1391 Nec
1294 1362 1425 1402 mora,
1465 1348 1636 1390 vinetus
1663 1354 1712 1390 ut
1738 1345 1816 1389 du-

325 1414 455 1462 catur,
491 1414 754 1462 percurrunt.
814 1406 952 1459 Quem
991 1405 1093 1447 dum
1131 1403 1347 1460 aufugisse
1380 1403 1588 1456 audirent,
1618 1401 1816 1445 semivivi

324 1463 378 1505 ad
406 1462 609 1519 palatium
639 1469 736 1504 sunt
764 1462 935 1505 reversi.
980 1460 1108 1513 Quod
1138 1474 1237 1502 cum
1265 1460 1530 1502 nuntiassent
1556 1457 1818 1515 imperatori,

323 1534 426 1561 mox
468 1519 699 1575 imperator
741 1533 785 1560 se
830 1523 1007 1559 exutum
1049 1517 1260 1572 nimisque
1299 1516 1354 1557 iis
1394 1529 1537 1558 cesum
1567 1513 1817 1558 ostendens:

325 1575 469 1627 (δέυτε,
501 1574 651 1627 deute',
695 1573 740 1616 id
771 1581 834 1616 est
862 1573 1016 1626 venite,
1047 1573 1198 1628 inquit,
1239 1576 1308 1625 ‘un
1331 1574 1589 1624 διληασεται,
1618 1570 1679 1612 mi
1698 1567 1818 1612 dilia-

326 1637 426 1684 sete,
456 1629 586 1672 nolite
615 1629 863 1683 formidare3
893 1629 985 1685 ipse
1016 1642 1096 1683 ego
1118 1642 1212 1669 sum
1234 1642 1361 1684 quem
1380 1625 1639 1684 flagellastis,
1670 1639 1817 1683 quem-

326 1701 408 1742 que
437 1700 460 1727 e
491 1699 656 1727 carcere
685 1699 799 1727 nunc
833 1684 1050 1740 aufugisse
1090 1682 1315 1725 confiditis.
1374 1683 1475 1726 Scio
1504 1682 1618 1725 enim
1647 1688 1691 1724 et
1716 1694 1818 1725 vere

325 1741 465 1794 credo,
496 1740 612 1798 quod
639 1756 725 1783 non
753 1741 1068 1797 imperatorem,
1097 1738 1173 1781 sed
1200 1739 1467 1795 imperatoris
1481 1739 1705 1780 inimicum
1722 1743 1819 1780 tun-

324 1796 423 1839 dere
463 1798 690 1853 cogitastis.
748 1796 841 1838 Hos
880 1796 954 1852 qui
994 1810 1062 1838 me
1099 1809 1185 1837 non
1224 1801 1272 1836 ut
1308 1795 1623 1860 imperatorem,
1662 1793 1739 1837 sed
1769 1798 1820 1837 ut

323 1852 530 1895 latronem
573 1854 742 1908 viteque
784 1867 905 1894 meae
948 1850 1238 1893 insidiatorem
1283 1851 1485 1893 dimisere
1500 1860 1531 1904 ,'
1554 1855 1816 1892 mortetenus

323 1908 568 1951 verberatos
607 1908 711 1951 urbe
742 1906 910 1965 expelli,
938 1906 1148 1963 bonisque
1177 1906 1374 1949 omnibus
1434 1906 1575 1959 rivari,
1605 1919 1703 1948 mea
1729 1919 1819 1948 non

324 1963 461 2006 solum
491 1964 611 2021 cupit
638 1978 787 2006 verum
814 1964 941 2006 etiam
971 1963 1090 2005 iubet
1118 1962 1360 2004 auctoritas.
1460 1976 1507 2004 os
1535 1968 1680 2005 autem
1707 1961 1818 2013 meis

323 2034 410 2062 non
439 2018 576 2062 solum
596 2018 671 2061 sed
690 2019 839 2061 horum
860 2020 988 2061 etiam
1007 2032 1305 2075 perversorum
1327 2018 1487 2060 divitiis
1506 2016 1643 2060 dono'.
1687 2014 1825 2071 Quodss

324 2090 452 2132 quam
480 2074 711 2132 prudenter
740 2075 885 2130 egerit,
923 2075 1154 2131 paternitas
1182 2081 1256 2116 tua
1284 2074 1328 2115 in
1356 2073 1439 2116 hoc
1475 2072 1828 2117 animadvertere

356 2133 492 2186 oterit,
522 2132 722 2187 quoniam
742 2131 898 2172 caeteri
917 2136 1075 2173 extunc
1096 2131 1310 2172 civitatem
1331 2129 1653 2186 diligentissime
1677 2136 1818 2172 custo-

355 2187 428 2241 ire,
457 2186 570 2228 hunc
598 2187 726 2229 etiam
754 2186 971 2230 absentem
1002 2186 1126 2243 quasi
1154 2191 1393 2242 presentem
1422 2201 1442 2227 s
1474 2199 1606 2228 erare.
1655 2184 1826 2242 Sicque

323 2242 482 2285 factum
522 2248 597 2296 est,
637 2250 685 2284 ut
723 2249 766 2284 et
802 2243 1033 2298 imperator
1071 2241 1254 2298 amplius
1294 2240 1347 2284 de
1385 2256 1414 2297 p
1483 2241 1543 2283 tio
1571 2247 1702 2283 noctu
1728 2253 1821 2287 non,

324 2297 613 2351 descenderet,
644 2305 686 2340 et
714 2298 780 2339 sui
810 2298 953 2340 omnia
981 2296 1160 2340 fideliter
1189 2296 1463 2340 custodirent.

255 2369 309 2406 (4.)
438 2354 503 2395 12.
546 2353 690 2395 Alium
722 2368 848 2410 quem
876 2354 969 2418 ipse
993 2368 1016 2396 e
1048 2354 1081 2395 it
1097 2352 1258 2406 ludum,
1289 2351 1454 2395 silentio
1474 2354 1562 2408 tegi
1580 2351 1827 2408 absurdum}

324 2424 417 2452 esse
445 2409 646 2451 diiudico.
696 2408 1031 2466 Constantinopo
1049 2410 1210 2451 itanum
1238 2408 1443 2465 palatium
1473 2407 1528 2451 ob
1547 2407 1829 2464 imperatorin}

325 2464 504 2508 salutem
543 2464 772 2508 multorum
811 2465 1006 2520 presidiis
1044 2463 1224 2506 militum
1256 2464 1504 2506 custoditur.
1563 2462 1825 2507 custodias?

324 2521 438 2564 tibus
467 2535 567 2563 vero
595 2522 734 2563 victus
764 2535 1002 2576 censusque
1041 2519 1297 2562 cottidianus
1325 2534 1411 2562 non
1438 2533 1595 2576 parvus
1623 2518 1823 2575 inpendi7

323 2583 394 2619 tur
404 2577 436 2618 (ἰ.
495 2575 687 2632 Contigit
715 2577 859 2633 itaque
888 2576 978 2618 XII
1007 2582 1104 2641 post
1133 2576 1322 2632 corporis
1350 2575 1626 2617 refectionem
1653 2575 1699 2616 in
1717 2571 1825 2631 ipso‘jss

325 2630 411 2674 diei
438 2631 602 2674 fervore
630 2647 716 2674 una
734 2632 780 2673 in
799 2631 925 2674 domo
946 2646 1175 2689 qiuescere.
1223 2631 1319 2672 Mos
1339 2630 1523 2687 denique
1546 2631 1754 2687 imperato
1779 2630 1790 2640 “
1805 2652 1825 2682 y

324 2693 428 2742 erat,
455 2687 619 2730 cunctis
649 2687 963 2745 quiescentibus
1002 2694 1136 2729 totum
1173 2693 1417 2743 perreptare
1449 2685 1666 2743 palatium.
1724 2685 1825 2739 Qui}

1812 2766 1825 2786 a

324 2838 355 2873 a)
375 2840 418 2866 ica
440 2841 467 2867 1.
525 2876 531 2879 Π
577 2839 607 2873 b)
629 2841 670 2866 ica
693 2842 718 2867 1.
826 2839 854 2874 c)
876 2841 1052 2867 sanctisimo
1077 2842 1102 2868 1.
1211 2839 1241 2874 d)
1265 2840 1299 2867 C.
1320 2848 1348 2867 v„
1370 2848 1399 2867 V.
1423 2848 1448 2867 e.
1471 2848 1495 2868 c.
1516 2848 1545 2868 n.
1566 2848 1596 2874 p.
1617 2841 1639 2867 i.
1659 2827 1761 2867 auius
1782 2800 1825 2899 δὲ

325 2879 378 2906 5⁵.
401 2878 460 2906 δι’
481 2879 586 2905 animm
607 2880 638 2905 in
659 2879 725 2905 edit.
747 2879 871 2912 Heruay.
1807 2900 1825 2922 ἢ
