1838 3210
254 344 322 371 2518.

258 1892 324 1920 921.

339 2437 402 2472 est
430 2445 622 2474 sermone
651 2432 899 2489 adgressus:

335 215 382 248 ³⁶
532 208 833 244 LIUDPBANDI
861 204 1209 240 ANTAPODOSIS.
1259 202 1354 236 LIB.
1381 202 1431 236 11.
1482 201 1640 236 20-22.

336 324 457 381 proin
487 336 638 379 pacem
667 334 743 362 vos
774 317 1130 373 concordiamque
1158 313 1324 366 sectari,
1359 312 1492 356 etiam
1527 317 1658 378 atque
1686 312 1752 380 9..

335 394 382 422 ro
415 394 453 421 o.
512 378 580 419 Me
610 375 822 419 hominem
853 379 1047 425 exeunte,
1086 369 1201 412 nulla
1238 383 1315 412 vos
1353 367 1563 425 regnandi
1599 367 1746 427 cupidi

335 434 450 478 nula
479 431 718 491 presidendi
748 427 924 471 ambitio
955 427 1199 469 inflammet.
1247 424 1516 490 Heinricum,
1542 422 1764 491 Saxonum
1835 487 1836 490 Ἴ

335 490 637 545 Turingiorum
662 487 813 529 ducem
834 483 1223 540 prudentissimum,
1254 495 1298 523 re
1331 495 1399 523 em
1418 479 1575 537 ehgite,
1603 479 1750 524 domm

335 545 589 589 constituite.
648 543 688 584 Is
718 541 830 583 enim
860 546 923 583 est
951 547 994 582 et
1021 538 1198 581 scientia
1227 551 1283 594 po
1316 551 1403 590 ens,
1433 543 1476 580 et
1502 537 1639 580 iustae
1667 537 1835 607 severi}

335 603 432 644 tatis
462 613 637 642 censure
667 594 940 639 habundans'.
983 594 1064 636 His
1088 594 1148 636 ita
1167 592 1355 650 prolatis,
1383 592 1601 649 propriam
1621 601 1836 647 coronam

334 672 421 700 non
448 670 563 708 aure,
595 668 679 709 quo
709 667 845 709 poene
865 651 1174 706 cuiuscumque
1200 648 1359 690 ordinis
1377 648 1623 706 principes·
1649 646 1793 706 pollen
1821 646 1837 693 ⁶²,

334 726 482 756 verum
517 710 696 766 gemmis
731 706 1066 765 preciosissimis,
1101 719 1186 747 non
1226 702 1364 747 solum
1404 704 1580 803 inqltxm
1614 717 1720 748 orna
1765 763 1770 766 Δ

335 768 410 811 sed
439 773 670 823 gravatam,
700 771 912 819 sceptrum
942 763 1083 815 etiam,
1123 766 1334 817 cuntaque
1372 774 1419 802 re
1494 760 1505 770 ”
1561 759 1765 804 indumen

334 825 379 866 in
407 822 593 864 medium
622 821 765 862 venire
793 818 995 875 precepit,
1025 832 1075 859 ac
1104 823 1231 873 prout
1258 814 1394 858 valuit
1450 814 1666 860 uiusmodi
1694 816 1837 894 verbq¹

335 878 501 921 effudit:
532 875 757 919 ‘Heredem
787 875 1015 931 regiaeque
1045 872 1262 929 dignitatis
1291 871 1502 915 vicarium
1518 870 1733 930 regalibus
1786 871 1815 923 ’Ἴ

335 933 589 976 ornamentis
610 931 860 973 Heinricum
889 930 1118 982 eonstitu03
1150 928 1221 970 eui
1239 935 1288 970 ut
1307 926 1554 983 oboediatis,
1577 941 1665 971 non
1682 925 1747 971 sol
1827 979 1831 987 s

335 987 522 1042 consulo,
553 987 627 1029 red
657 987 812 1028 exoro'.
870 985 1010 1039 Quam
1039 984 1270 1026 iussionem
1297 983 1504 1038 interitus,
1532 989 1577 1027 et
1602 983 1731 1027 interi
1826 991 1833 1041 J

334 1060 436 1087 mox
490 1050 553 1086 est
608 1042 876 1084 oboedientia
932 1047 1169 1098 prosecuta.
1245 1039 1347 1096 Ipso
1402 1053 1589 1097 namque
1641 1046 1838 1148 mol-teu}

335 1102 530 1152 obeunte,
568 1098 789 1140 memorati
855 1097 1038 1153 rincipes
1074 1109 1276 1138 coronam
1305 1101 1546 1153 cunctaque
1572 1110 1596 1138 r
1759 1110 1830 1156 m,

335 1156 538 1198 dumenta
576 1154 778 1196 Heinrieo
849 1153 915 1194 uei
952 1150 1239 1206 contulerunt,
1284 1158 1413 1208 atque
1447 1159 1498 1195 ut
1531 1166 1612 1195 rex
1650 1149 1831 1203 Chaone?

334 1211 461 1253 radus
491 1210 669 1263 dixerat,
699 1215 852 1251 cuneta
880 1223 956 1264 per
995 1207 1186 1250 ordinem
1226 1214 1490 1250 enarrarunt.
1555 1207 1643 1262 Qui
1710 1208 1784 1259 ³2⁰·
1818 1241 1827 1255 ,-

334 1267 553 1323 dignitatis
584 1265 750 1307 culmen
779 1271 821 1307 et
848 1265 966 1320 prius
995 1263 1210 1306 humiliter
1238 1262 1479 1318 declinavit,
1507 1277 1559 1306 ac
1576 1261 1705 1321 paulo
1725 1277 1797 1322 po
1819 1266 1831 1309 '¹

334 1337 420 1364 non
461 1320 684 1364 ambitiose
728 1321 928 1376 suscepit.
986 1320 1147 1362 Verum
1190 1320 1272 1361 nisi
1316 1318 1489 1376 ‘pallida
1529 1333 1667 1374 mors,
1753 1331 1819 1355 ιι*

366 1392 573 1434 auperum
610 1377 807 1419 tabernas
850 1391 1087 1432 regumque
1131 1383 1268 1418 turres
1311 1389 1449 1432 aequo
1487 1373 1632 1433 pulsat
1658 1334 1828 1433 ΡΘἎΘῚ·

335 1393 639 1476 Ι(ἴἹιιιοῐιιψιᾶωῑι
680 1447 825 1488 regem
862 1439 949 1474 tam
993 1432 1194 1474 citissime
1236 1438 1417 1488 raperet,
1459 1431 1496 1474 is
1531 1438 1655 1487 esset,
1699 1431 1788 1487 cni
1823 1481 1825 1483 ¹

334 1502 490 1531 nomen
519 1487 662 1530 multis
691 1487 840 1530 mundi
868 1487 1112 1530 nationibus
1141 1488 1198 1529 im
1233 1494 1371 1530 eraret
1381 1494 1411 1529 ².
1767 1506 1802 1511 ·’

447 1544 514 1586 21.
558 1543 654 1586 Hoe
684 1543 834 1586 eodem
863 1551 1053 1599 tempore
1082 1543 1200 1584 Arna
1216 1543 1297 1585 dus
1337 1557 1436 1585 cum
1473 1557 1609 1586 uxore
1643 1550 1688 1587 et
1736 1564 1743 1580 ι

335 1599 558 1656 Hungaria
586 1599 765 1651 rediens,
804 1598 1035 1642 honorifice
1063 1613 1090 1640 a
1116 1599 1342 1656 Bagoariis
1370 1606 1415 1642 at
1444 1613 1499 1642 ue
1527 1599 1583 1643 ab
1613 1599 1760 1642 orien
1792 1596 1824 1659 ’1

335 1654 417 1697 bus
470 1655 701 1711 suscipitur
750 1654 967 1697 Francis-⁹.
1035 1655 1186 1712 Neque
1231 1655 1345 1698 enim
1390 1669 1438 1698 so
1455 1670 1530 1698 um
1577 1669 1830 1713 suscplmsv

337 1710 412 1752 sed
442 1718 490 1753 ut
517 1726 595 1752 rex
623 1710 710 1764 fiat,
739 1711 793 1753 ab
823 1711 874 1752 iis
903 1710 1176 1754 vehementer
1208 1710 1413 1754 hortatur.
1469 1711 1566 1754 Rex
1593 1710 1790 1754 Heinric·

338 1779 436 1807 cum
466 1767 756 1822 obtemperare
786 1767 872 1808 suis
908 1781 1054 1808 omnes
1090 1767 1364 1821 iussionibus,
1402 1765 1640 1810 Amaldum
1668 1765 1732 1810 sol
1774 1787 1811 1803 ιι

338 1821 465 1864 modo
494 1822 686 1864 resistere
715 1829 918 1876 cerneret,
986 1821 1172 1865 ervalido
1207 1822 1382 1866 collecto
1418 1823 1623 1879 exercitu,
1674 1827 1743 1873 ἔτ,
1790 1832 1819 1875 J

338 1877 445 1919 riam
474 1877 620 1920 tendit.
679 1877 806 1930 Quod
835 1837 1050 1920 Amafdus
1078 1885 1127 1921 ut
1153 1878 1330 1932 audivit,
1361 1879 1453 1921 eius
1481 1893 1570 1922 non
1578 1892 1739 1945 passus

337 1933 382 1974 in
420 1933 631 1989 Bagoaria
673 1933 895 1990 prestolari
939 1934 1188 1989 adventum3
1232 1949 1385 1977 verum
1423 1934 1627 1991 collectis,
1666 1933 1823 1992 quibu„

337 1987 482 2043 valuit,
523 2003 574 2031 co
607 1989 671 2043 iis,
709 1989 809 2030 huie
854 1989 1054 2032 obviamb
1098 1997 1340 2047 properat⁴.
1409 1990 1600 2048 Cuperat
1634 2005 1738 2034 sane

336 2044 349 2084 i
383 2058 427 2086 se
456 2058 534 2086 rex
563 2004 666 2086 lieri.
725 2044 921 2102 Cumque
950 2046 994 2087 in
1023 2060 1073 2087 eo
1104 2054 1227 2097 esset,
1266 2053 1316 2089 ut
1341 2045 1502 2090 bellum
1528 2046 1774 2113 paritar.‚''‹1
1812 2048 1816 2051 ’

367 2098 552 2153 eberent‚
582 2101 693 2142 sicut
720 2101 788 2141 vir
815 2102 984 2157 sapiens
1014 2108 1057 2144 et
1084 2101 1152 2144 dei
1180 2103 1335 2145 timens
1360 2117 1439 2145 rex
1457 2101 1688 2146 Hemrieus
1706 2101 1826 2161 <togisK

336 2161 430 2196 tans
460 2170 515 2197 ex
543 2163 723 2212 utraque
750 2163 871 2212 parte
890 2157 1226 2213 inrecuperabile
1244 2172 1371 2214 posse
1389 2159 1593 2201 damnum
1612 2157 1752 2201 aceid
1812 2156 1822 2164 “

337 2209 527 2252 Arnaldo
536 2219 565 2264 ⁰,
619 2212 818 2267 quatinus
862 2227 959 2254 eum
1011 2213 1100 2255 solo
1152 2213 1265 2256 solus
1316 2213 1537 2271 loquatur,
1586 2214 1777 2258 denum:

338 2265 498 2308 Putans
526 2267 654 2322 igitur
679 2266 906 2322 Amaldus,
950 2283 1035 2325 quo
1065 2269 1270 2326 singulari
1306 2285 1352 2312 se
1389 2270 1550 2314 acciret
1575 2285 1625 2314 ee
1659 2290 1679 2306 »r
1703 2290 1769 2308 ιιι

337 2319 393 2362 ad
421 2320 663 2363 condictum
690 2321 831 2365 locum
860 2323 974 2366 solus
1002 2324 1107 2367 hora
1135 2333 1294 2368 statuta
1319 2326 1527 2383 pervenit.
1803 2352 1815 2370 ι,

450 2376 517 2418 22.
561 2376 700 2430 Quem
728 2377 811 2420 sibi
840 2379 1008 2422 obviam
1046 2388 1346 2438 properantem
1380 2397 1459 2425 rex
1487 2381 1718 2426 Heinricus
1757 2402 1776 2417 »r
1824 2407 1825 2411 ι

338 2578 368 2611 a)
391 2581 539 2613 principis
563 2582 589 2606 ι.
669 2582 699 2614 b)
723 2584 824 2609 ouium
847 2585 872 2610 1.
953 2585 981 2619 e)
1004 2587 1184 2614 arnaldaldo
1208 2590 1232 2615 1.

341 2695 379 2739 1)
404 2696 529 2730 Horat.
557 2698 625 2732 Od.
651 2699 680 2740 Ι,
706 2701 739 2741 4,
768 2702 825 2735 18.
936 2703 975 2746 2)
1002 2703 1057 2737 cf.
1085 2716 1179 2748 quae
1213 2717 1321 2750 supra
1347 2705 1382 2750 (Ι
1408 2717 1440 2740 e.
1466 2704 1531 2749 44)
1557 2706 1603 2740 de
1627 2705 1760 2740 Lmb-
1796 2685 1804 2696 ³

337 2747 463 2778 auctor
485 2750 605 2780 noster
630 2747 812 2784 diiudicat.
888 2749 928 2794 3)
954 2753 1058 2786 Haec
1083 2754 1131 2787 ad
1155 2764 1312 2788 marcam
1326 2755 1559 2789 Bohemicam
1583 2758 1681 2789 tem
1698 2755 1794 2789 Dm

337 2791 434 2826 bium
459 2794 563 2828 sitam
588 2795 735 2830 fortasse
761 2798 947 2833 referenda
972 2806 1064 2836 sunt.
1138 2802 1178 2844 4)
1197 2802 1252 2837 of.
1281 2803 1325 2837 de
1351 2803 1420 2837 hae
1446 2803 1676 2848 expeditione
1693 2803 1813 2838 wid

338 2839 435 2874 kind.
460 2842 531 2876 Res
555 2847 647 2886 gest.
674 2846 804 2881 Saxon.
820 2848 839 2881 1
865 2859 896 2883 c.
924 2849 983 2883 27.
1803 2847 1815 2864 ‘⁴
