1838 3210
36 154 65 189 ra

19 246 54 293 Ξ
266 258 568 293 nummum
594 257 942 292 ANTAPODosls.
993 255 1088 290 Lm.
1114 257 1142 290 1.
1197 258 1255 290 11.
1501 258 1523 288 9

26 372 68 417 p·-
101 383 288 427 operam,
318 383 403 427 quo
431 368 530 411 hinc
559 367 720 411 inlesus
749 381 890 423 exeas,
926 383 1055 425 quam
1084 368 1129 411 id
1156 369 1409 425 percontari,
1445 368 1523 412 tibi
1536 378 1703 406 884—912·

54 446 73 462 ¹·
95 447 115 463 ··
139 425 296 468 modius
333 431 409 468 est.
466 423 565 467 Non
592 438 728 481 aeque
761 437 861 478 vos,
905 436 951 467 σε
988 431 1074 473 εις“
1104 425 1204 478 την*
1235 428 1411 480 φιλακην
1452 439 1523 467 και
1535 435 1557 470 “>
1573 436 1732 463 articulus.

27 480 41 531 :J
74 505 79 518 ι
112 497 161 525 ον
189 497 248 531 εις
275 482 357 524 'to'
385 481 736 538 χρυσοτρίκλινον,
766 494 811 522 se
839 481 877 522 is
905 481 967 522 tin
996 479 1146 522 filakin
1174 479 1233 523 ke
1263 481 1394 522 auton
1422 481 1459 522 is
1479 481 1559 533 to·)
1577 499 1735 527 mmmm,

34 537 386 591 j··sot1·iclinon‚
416 543 458 580 te
486 537 532 578 in
561 550 743 589 carcere,
779 542 822 578 et
853 534 971 579 illum
1001 536 1045 578 in
1074 550 1251 578 aureum
1281 536 1524 591 triclinium,

28 599 201 637 {wi-tuna
228 593 355 636 fovet.
412 593 553 635 Parva
585 598 683 634 sunt
715 591 834 646 haec,
869 592 1068 648 graviora
1107 591 1318 634 addantur
1344 592 1527 647 vincula,

22 650 85 694 {ue
115 651 169 692 sit
197 650 382 707 spatium
411 648 464 691 de
494 649 750 714 imperatore
780 647 1038 691 meditandi’.
1099 646 1202 690 Oui:
1232 647 1430 703 ‘Desine’‚
1465 649 1526 691 in-

15 713 137 760 stult,
168 705 350 759 ‘desine3
379 705 471 761 ipse
502 719 614 746 emm
637 718 730 746 sum
751 703 840 747 Leo
870 704 1103 761 imperator
1130 710 1350 760 augustus,
1380 704 1528 763 quide

15 753 76 813 ,ῗξιι
111 761 177 804 tii
220 761 427 818 dignitate
470 774 556 802 non
600 759 714 803 bono
744 760 886 803 omine
921 759 1087 818 prodii'.
1154 758 1348 803 Carceris
1384 767 1526 804 autem

70 838 81 869 .¹
96 824 189 872 tos,
217 830 406 875 sperans,
435 831 523 859 non
550 830 654 859 vera
682 830 774 859 esse
804 829 913 873 quae
950 815 1137 860 dixerat:
1183 815 1346 881 ‘Egon',
1376 817 1527 874 inquit,

7 879 28 911 ,ἓ
59 873 261 916 ominem
280 874 495 930 inpurum,
516 871 631 915 bona
650 885 727 914 sua
741 886 839 914 cum
854 871 1147 915 meretricibus
1165 870 1526 938 abligurrientem,

10 929 46 981 -ζί
61 936 334 988 ··peratorem
367 927 583 972 credam’?
628 928 843 981 Quoniam
873 935 1004 971 temet
1030 933 1078 970 tu
1105 926 1345 985 neglexisti,
1374 944 1453 986 pro
1483 936 1525 972 te

6 1000 113 1038 ,f·*;⁰
143 985 360 1043 dispitiam
391 984 611 1027 mathesin.
669 984 786 1026 Mars
814 984 1021 1041 trigonus,
1054 983 1285 1026 Saturnus*
1312 984 1675 1038 Venerem·p‚2·18,

14 1047 36 1087 {1
64 1041 216 1099 spicit,
245 1041 440 1107 Iuppiter
468 1039 713 1098 quadratus,
742 1040 982 1083 Mercurius
1010 1039 1088 1083 tibi
1109 1040 1255 1095 iratus,
1286 1039 1359 1083 Sol
1382 1047 1527 1084 rotun-

13 1112 126 1153 gfus,
154 1098 279 1141 Luna
305 1112 350 1140 m
378 1095 487 1139 saltu
516 1102 592 1150 est,
622 1095 735 1138 mala
752 1096 944 1138 Fortuna
971 1102 1012 1138 te
1032 1096 1240 1153 premit’1.
1289 1096 1528 1154 Imperator

4 1168 152 1206 mero:
189 1153 286 1207 ‘Ut',
317 1153 467 1218 inquit,
498 1156 614 1195 ‘vera
642 1151 798 1209 probes
829 1166 920 1195 esse
950 1165 1060 1208 quae
1089 1152 1198 1206 dico,
1227 1151 1331 1194 dum
1360 1155 1529 1196 matuti-

18 1221 77 1249 ίέκ
105 1225 129 1253 e
158 1209 324 1253 dederit
351 1223 534 1265 signum,
563 1214 661 1251 ante
689 1208 801 1250 enim
830 1222 917 1250 non
952 1208 1046 1250 ausi
1076 1222 1237 1263 sumus,
1274 1223 1443 1252 mecum
1472 1210 1528 1252 ad

10 1263 239 1309 alatium
275 1264 431 1323 potiori
469 1277 598 1322 quam
635 1278 716 1329 ego
756 1262 1050 1307 descenderim
1085 1265 1226 1307 omine
1263 1266 1420 1309 venito.
1480 1266 1526 1309 Si

22 1326 103 1372 ξιιο
131 1327 180 1364 ut
207 1322 504 1378 imperatorem
542 1334 627 1363 non
666 1320 762 1362 istic
797 1319 931 1376 recipi
959 1319 1139 1374 videris,
1177 1320 1371 1364 occidito.
1430 1322 1527 1365 Non

34 1378 208 1421 »ιίιοιὶε
238 1378 342 1435 quip
374 1390 399 1419 e
427 1376 617 1419 criminis
645 1376 737 1430 erit,
766 1390 835 1419 me
864 1376 1162 1433 imperatorem
1192 1375 1353 1420 dixisse
1382 1378 1419 1420 si
1441 1393 1529 1421 non

45 1454 74 1470 .
98 1454 143 1487 «ι,
174 1447 302 1491 quam
373 1432 514 1490 iquem
553 1431 774 1475 occidisse.
834 1431 879 1475 Si
908 1446 1010 1475 vero
1045 1438 1087 1475 te
1124 1431 1179 1475 ob
1209 1432 1254 1475 id
1283 1432 1383 1476 mali
1411 1435 1527 1492 quic-

27 1503 164 1533 ῑίιιειιιι
194 1490 284 1547 pati
312 1487 528 1543 formidas,
563 1487 669 1530 haec
697 1487 818 1530 fatiat
846 1486 950 1529 mihi
980 1487 1085 1531 deus
1114 1495 1156 1531 et
1184 1487 1289 1531 haec
1318 1488 1461 1544 addat,
1492 1491 1528 1533 si

39 1560 121 1596 ¹·-·n
163 1546 305 1603 potius
347 1546 558 1602 premium
602 1558 730 1600 quam
764 1557 842 1601 pro
879 1542 961 1586 hac
991 1559 1036 1587 re
1077 1558 1219 1587 sumes
1249 1544 1526 1611 supplitium'.

31 1630 36 1635 -
88 1601 172 1644 'tur
200 1599 399 1644 credulus
437 1600 623 1643 carceris
664 1605 807 1642 custos
836 1599 1033 1654 effectus,
1073 1599 1185 1655 dato,
1223 1606 1271 1643 ut
1299 1609 1530 1659 1mperator

34 1646 67 1695 ῗι
93 1664 214 1711 erat,
244 1655 481 1699 matutinali
512 1657 647 1712 signo,
676 1669 774 1698 eum
804 1654 859 1697 ad
888 1655 1095 1713 palatium
1124 1670 1259 1713 usque
1290 1658 1527 1701 comitatur.

39 1767 40 1770 1
84 1726 231 1770 mque
269 1711 418 1756 eodem
455 1712 663 1766 venisset,
698 1710 948 1754 mirabiliter
986 1712 1097 1755 sicut
1124 1725 1151 1753 a
1179 1726 1224 1755 se
1253 1713 1528 1757 noscentibus

45 1783 158 1813 :esce
190 1771 282 1823 tus,
326 1768 524 1811 comitem
570 1781 694 1809 suum
739 1768 1028 1811 exanimatum
1073 1767 1354 1812 admiratione
1396 1770 1529 1811 nimia

11 1824 14 1825 ⁷
66 1824 154 1868 :ndi
188 1825 230 1868 't.
281 1824 393 1867 Sane
423 1823 525 1866 dum
546 1822 774 1880 dignitates
796 1838 942 1867 omnes
962 1823 1062 1866 huic
1084 1837 1305 1867 occurrere
1318 1825 1351 1879 ¹³,
1380 1824 1528 1869 laudes

31 1931 34 1933 v
66 1879 225 1935 odere,
267 1879 460 1934 adorare,
504 1893 653 1922 soccos
690 1878 926 1934 detrahere,
963 1878 1047 1922 alia
1081 1885 1210 1937 atque
1247 1880 1331 1923 alia
1365 1896 1443 1939 pro
1482 1897 1527 1925 se

14 1941 291 1995 {ssuemquam
321 1935 460 1978 facere
490 1934 861 1993 contemplaretur,
890 1936 1025 1979 emori
1054 1936 1094 1978 ei
1114 1942 1215 1979 tune
1236 1943 1363 1994 atque
1383 1937 1528 1980 vivere

12 1991 27 2039 ἶ.-
56 1993 167 2036 tius
204 1997 328 2036 esset.
396 1990 479 2035 Cui
516 1992 769 2048 imperator:
815 1990 1155 2049 ‘Contemplare’‚
1199 1992 1356 2050 inquit,
1400 1998 1527 2036 ‘nunc

15 2046 68 2104 ξι
89 2048 257 2102 thesin,
287 2056 329 2091 et
357 2047 393 2090 si
420 2062 520 2090 vere
550 2061 635 2104 quo
663 2046 748 2090 huc
778 2048 1003 2090 adveneris
1024 2048 1165 2090 omine
1186 2047 1359 2103 dixeris,
1382 2064 1526 2092 veram

36 2103 41 2111 ”
64 2124 73 2140 ’-
107 2102 347 2161 augurandi
369 2103 588 2146 scientiam
609 2101 765 2146 habere
785 2103 1002 2161 probabis.
1047 2103 1171 2146 Prius
1191 2110 1334 2146 tamen
1385 2119 1527 2159 uaeso,

15 2159 141 2215 nid
179 2158 318 2203 morbi
357 2159 424 2213 sit,
467 2158 671 2217 proferas,
716 2159 831 2216 quod
867 2165 908 2202 te
947 2165 1033 2202 tam
1074 2158 1279 2217 pallidum
1319 2175 1365 2203 re
1397 2159 1527 2203 didit'.

88 2217 141 2258 ’.τ
185 2215 476 2271 ‘Parcarum'⁶,
515 2214 620 2268 infit,
659 2214 834 2258 ‘obtima
863 2215 1063 2259 CLOTO
1100 2215 1184 2257 iam
1221 2230 1323 2259 nere
1352 2215 1527 2271 desinit3

16 2264 34 2326 ἦ
91 2270 329 2315 ORESIS
358 2285 460 2314 vero
489 2271 534 2313 in
564 2276 631 2313 tor
661 2271 802 2313 uendo
839 2269 1032 2313 laborare
1069 2269 1252 2328 amplius
1278 2286 1366 2314 non
1397 2272 1527 2330 cupit,

16 2320 39 2347 μ’
69 2349 78 2364 ι
96 2327 258 2370 ‘ssima
285 2333 427 2369 autem
462 2326 612 2369 harum
684 2325 918 2370 TROPOS
954 2326 1154 2369 articulos
1189 2327 1274 2369 iam
1309 2328 1354 2370 in
1384 2327 1527 2370 condi-

17 2386 69 2431 :3<.
94 2403 115 2420 ..
134 2389 151 2413 ²
179 2381 339 2426 solam¹¹
369 2382 537 2439 imperii
567 2382 627 2424 tui
658 2382 908 2425 sententiam
943 2388 1154 2439 expectat,
1190 2389 1238 2425 ut
1265 2381 1336 2425 fila
1365 2391 1527 2426 contra-

19 2455 30 2486 ;.
52 2459 86 2475 11·-
104 2460 110 2475 ·
129 2459 136 2475 ·.
160 2444 343 2495 rumpat.
391 2436 646 2480 Palliditatis
665 2445 807 2480 autem
828 2436 969 2480 vultus
989 2438 1072 2480 mei
1094 2452 1225 2481 causa
1244 2445 1320 2490 est,
1341 2439 1525 2481 animam

17 2489 29 2505 a

17 2508 53 2566 3
94 2495 233 2553 capite
263 2492 547 2547 descendisse,
574 2507 804 2551 secumque
829 2493 872 2535 in
892 2493 1131 2536 inferiorem
1153 2495 1343 2552 corporis
1364 2501 1527 2551 partem

20 2659 30 2676 Ἰ

17 2580 64 2682 ζμ)
90 2651 117 2674 ιι
138 2646 164 2672 ¹.
271 2644 302 2677 b)
326 2650 451 2671 occurre
475 2646 500 2670 1.
601 2645 629 2677 c)
652 2651 762 2678 parur
783 2650 885 2671 carum
910 2644 934 2670 1.
957 2645 988 2670 in
1009 2644 1122 2671 duabus
1142 2645 1236 2672 uncie.
1336 2645 1367 2677 d)
1391 2645 1529 2672 trucum

20 2679 73 2729 3
91 2698 93 2702 ι
123 2683 314 2711 inconditum
335 2683 431 2710 oolam
453 2683 479 2710 8.
501 2683 555 2711 δι.

19 2734 29 2745 4

18 2750 23 2764 Ξ

23 2775 85 2847 ξ)
107 2790 367 2847 lim-premit
392 2811 435 2835 ex
463 2801 662 2843 comoedia,
689 2811 780 2846 quae
807 2800 983 2843 Querulu-
1008 2801 1213 2836 inscribitur
1237 2812 1272 2846 p.
1301 2802 1358 2843 84,
1387 2801 1528 2834 10--18

29 2849 253 2895 .2·.1’eiper
278 2850 454 2895 repetivit.
588 2850 628 2893 2)
654 2851 677 2884 i.
705 2860 735 2884 e.
762 2849 932 2884 articulos
958 2849 1091 2885 forficis
1116 2851 1241 2884 iamin
1260 2860 1365 2883 manu
1384 2853 1530 2884 curvata

58 2894 244 2943 Ιόνδυλος)
270 2902 407 2934 teneam

24 3029 50 3106 ἐξ
