1838 3210
332 0 412 109 s

306 341 370 368 988.

386 221 428 252 74
606 217 904 253 LIUDPRANDI
933 215 1277 250 ANTAPODOSIS.
1326 215 1421 250 LIB.
1446 214 1518 249 ΠΙ.
1567 214 1627 249 4⁶.
1822 223 1838 274 ἰ

494 331 562 374 45.
621 330 670 372 In
691 329 881 385 ingressu
902 328 1116 370 Romanae
1137 325 1253 369 urbis
1274 324 1485 390 quaedam
1510 331 1575 370 est
1601 325 1697 369 miri
1720 339 1747 369 ο
1832 377 1838 383 Ἴ

386 388 574 445 mireque
610 385 865 428 fortitudinis
896 384 1122 426 constituta
1160 382 1354 435 muniti03
1398 389 1495 425 ante
1533 381 1655 425 cuius
1690 381 1761 425 ian

386 459 492 501 pons
522 449 585 485 est
613 441 948 498 preciosissimus
987 453 1114 495 super
1151 438 1339 481 Tiberim
1375 436 1617 492 fabricatus,
1655 437 1730 496 qui

384 501 476 542 vius
505 497 835 555 ingredientibus
864 496 1040 537 Romam
1069 501 1195 551 atque
1224 509 1246 536 e
1300 492 1537 537 edientibna
1566 499 1652 548 em
1689 507 1768 537 nec
1797 495 1838 550 ς’

383 555 478 608 alia,
506 554 585 596 nisi
617 568 691 610 per
719 567 828 604 eum,
857 550 1099 594 transeundi
1124 550 1206 592 via.
1296 563 1347 591 oc
1366 555 1522 604 tamen,
1549 549 1630 592 nisi
1649 551 1838 609 come*

386 611 657 654 munitionem
700 606 1036 661 custodientium,
1080 606 1172 648 fieri
1213 620 1299 648 non
1336 611 1488 662 potest.
1544 604 1726 649 Munitio
1758 606 1838 655 ven

385 668 489 724 ipsa,
529 673 575 708 ut
612 672 775 707 caetera
810 663 1012 715 desinam,
1057 669 1197 704 tantae
1235 660 1468 704 altitudinis
1505 667 1582 715 est,
1624 667 1673 705 ut

384 738 493 780 quae
531 722 574 763 in
614 721 704 763 eius
743 720 897 762 vertice
936 718 1115 772 videtur,
1158 718 1201 759 in
1239 717 1398 760 honore
1436 717 1592 760 summi
1626 723 1669 761 et

384 778 561 821 miliciae
605 777 805 833 principis
847 773 1089 829 archangeli
1130 772 1378 816 Michahelis
1426 772 1648 828 fabricata,
1696 772 1838 837 dieatq

385 835 530 877 ‘sancti
559 832 712 889 Angeli
741 831 919 875 ecclesia
949 846 998 873 us
1032 845 1084 872 ue
1117 829 1172 871 ad
1210 829 1373 872 caelos'.
1439 829 1536 872 Rex
1569 828 1768 888 denique,
1805 836 1838 876 ᾱ

384 889 625 933 munitionis
655 888 952 931 confidentiam
982 902 1025 929 re
1044 887 1125 929 ’cto
1164 884 1289 942 longe
1326 885 1531 940 exercitu,
1572 899 1671 928 eum
1712 883 1838 943 paud

384 947 562 988 Romam
604 945 786 988 advenit.
859 943 955 996 Quo
993 942 1191 985 decenter
1231 957 1258 983 a
1300 941 1502 984 Romanis
1541 948 1777 999 susoepms,
1807 940 1838 986 ί

415 1002 617 1046 redictam
659 1000 934 1042 munitionem
975 999 1031 1041 ad
1073 997 1286 1040 Maroziae
1329 997 1591 1040 meretricis·
1629 995 1838 1046 thalamun

384 1017 618 1101 declinavit.
676 1055 808 1099 Cuius
837 1055 997 1097 incesto
1027 1054 1129 1097 dum
1165 1054 1324 1111 potitus
1362 1060 1474 1097 esset
1506 1053 1748 1107 concubitu,
1779 1053 1838 1107 Re

385 1128 532 1157 manos
571 1113 692 1170 quasi
730 1112 814 1154 iam
853 1125 1027 1154 securus
1071 1110 1290 1166 despicere
1326 1110 1454 1167 cepit.
1509 1107 1734 1153 Habuerat
1759 1121 1838 1170 seq

385 1170 573 1213 Marozia
600 1168 733 1211 filium
768 1168 936 1209 nomine
965 1165 1224 1219 Albericum,
1260 1180 1390 1223 quem
1424 1180 1481 1208 ex
1515 1164 1715 1209 Alberico
1752 1178 1838 1213 mn

386 1226 534 1268 chione
549 1234 560 1256 ¹
600 1226 692 1281 ipsa
759 1229 944 1267 enuerat.
1013 1223 1097 1276 Qui
1137 1222 1239 1264 dum
1277 1222 1423 1265 matris
1476 1220 1646 1265 hortatu
1686 1220 1838 1280 Hugw

385 1282 486 1339 regi,
516 1282 665 1323 vitrico
686 1295 744 1322 scl
762 1280 856 1333 icet,
885 1293 1038 1335 aquam
1059 1277 1266 1331 funderet,
1296 1284 1345 1320 ut
1368 1291 1519 1321 manus
1546 1276 1749 1332 ablueret,
1777 1282 1838 1321 α’

385 1353 434 1381 eo
464 1352 540 1394 pro
571 1337 830 1379 correctione
859 1335 903 1376 in
930 1335 1081 1377 faciem
1112 1349 1234 1376 cesus
1263 1339 1340 1387 est,
1374 1347 1425 1377 eo
1464 1333 1580 1391 quod
1606 1347 1694 1377 non
1719 1347 1782 1376 ιιι
1801 1345 1822 1371 ι·

384 1401 472 1436 rate
502 1399 544 1435 et
601 1392 803 1435 udenoerc
832 1406 988 1448 aquam
1017 1390 1262 1433 effunderet.
1306 1389 1350 1432 Is
1369 1404 1484 1444 vero,
1512 1395 1561 1433 ut
1578 1388 1751 1433 inlatam
1787 1409 1806 1427 :¹

384 1456 527 1506 posset
591 1449 713 1491 cissci
737 1448 945 1500 iniuriam,
976 1447 1242 1503 congregatis
1261 1446 1304 1488 in
1324 1460 1458 1488 unum
1477 1446 1692 1501 Romanis,
1718 1445 1823 1489 hui

385 1505 500 1547 modi
543 1520 615 1548 eos
658 1519 848 1547 sermone
893 1503 1106 1546 convenit:
1162 1502 1392 1546 ‘Romanae
1432 1502 1551 1546 urbis
1587 1501 1772 1560 dignitas

384 1567 542 1604 tantam
582 1568 644 1603 est
682 1559 899 1603 stultitiam
942 1559 1081 1612 ducta,
1125 1564 1172 1600 ut
1214 1559 1483 1601 meretricum
1525 1558 1653 1602 etiam
1714 1580 1734 1595 1·
1759 1578 1804 1595 ιε’

386 1623 595 1674 paroeat².
654 1616 769 1670 Quid
798 1616 910 1658 enim
939 1615 1090 1669 fedius,
1121 1614 1276 1671 quidve
1405 1614 1484 1668 ius,
1514 1629 1646 1672 quam
1673 1619 1721 1658 ut
1750 1634 1755 1650 ·
1780 1634 1786 1652 ι
1810 1641 1825 1663 ·¹

386 1671 571 1715 mulieris
609 1673 773 1715 incestu
810 1672 1004 1714 Romana
1042 1671 1192 1714 civitas
1228 1678 1375 1728 pereat
1458 1670 1749 1714 Romanorum

388 1728 558 1786 quando
587 1728 709 1781 servi,
738 1727 1065 1784 Burgundiones
1095 1726 1270 1780 seilicet,
1307 1727 1511 1770 Romanis
1543 1725 1783 1784 imperent?
1811 1721 1829 1770 ’ἕ

386 1799 538 1838 meam,
587 1784 772 1840 privigni
806 1782 967 1826 scilicet
1001 1784 1079 1836 sui,
1119 1783 1270 1826 faciem
1305 1782 1475 1837 cecidit,
1510 1797 1607 1826 eum
1643 1796 1767 1840 pleae
1801 1802 1824 1839 ¹,

387 1855 522 1882 novus
561 1839 764 1883 habeatur
805 1840 969 1896 hospes,
1007 1839 1109 1896 quid
1142 1839 1264 1882 vobis
1299 1839 1384 1881 iam
1418 1839 1700 1883 inveteratum
1725 1837 1829 1889 fac¹

386 1895 588 1939 creditis?
626 1895 695 1937 An
723 1895 1076 1952 Burgundionum
1105 1895 1379 1938 voracitatem
1407 1902 1451 1938 et
1477 1894 1721 1952 superbiam
1750 1894 1760 1904 '
1812 1896 1821 1904 ’

388 1951 544 1994 ratisz‘?
574 1951 717 2008 Ipsam
747 1951 895 1994 saltem
923 1953 1104 1994 nominis
1134 1950 1303 1994 etimolo
1337 1951 1450 1993 'am'¹
1477 1951 1721 2008 dispicite⁴t
1774 1954 1786 1988 ἱ

385 2006 620 2064 gundiones
649 2007 743 2050 ideo
772 2008 920 2061 dictos,
951 2009 1151 2065 quoniam
1190 2007 1293 2049 dum
1361 2007 1515 2062 omani,
1543 2005 1647 2050 orbe
1684 2005 1827 2050 deviv

387 2078 441 2106 ex
479 2070 604 2120 gente
643 2062 722 2106 hac
761 2064 952 2120 captivos
988 2063 1192 2107 ducerent
1233 2062 1400 2118 multos,
1444 2063 1749 2106 eonstimenmt
1800 2083 1817 2098 ·--

386 2126 433 2162 ut
461 2125 581 2162 extra
610 2119 758 2162 urbem
787 2120 934 2162 domos
971 2120 1051 2162 sibi
1091 2118 1375 2174 sustollerent3
1413 2133 1441 2161 a
1479 2119 1634 2176 quibus
1669 2126 1713 2162 et
1737 2132 1781 2175 p
1813 2117 1821 2122 “

385 2182 482 2271 gost
508 2190 535 2217 a
562 2175 764 2217 Romanis
793 2175 847 2218 ob
877 2175 1118 2232 superbiam
1148 2184 1246 2218 sunt
1273 2174 1458 2232 expulsi3
1489 2182 1532 2218 et
1560 2173 1762 2232 quoniam
1794 2193 1814 2213 ι-

418 2245 610 2272 omorum
648 2232 1032 2287 congregationem,
1076 2247 1185 2288 quae
1223 2245 1344 2274 muro
1382 2246 1469 2274 non
1503 2229 1725 2285 clauditur,

386 2294 514 2342 gum⁵
542 2294 709 2339 vocant,
738 2287 1093 2344 Burgundiones⁸
1122 2303 1148 2329 a
1178 2288 1393 2341 Romanis,
1429 2286 1543 2345 quod
1571 2292 1637 2330 est
1662 2299 1690 2328 a
1727 2285 1775 2328 b

387 2355 411 2383 e
476 2340 567 2395 ulei,
596 2358 621 2384 a
653 2342 766 2385 ellati
794 2351 904 2386 sunt.
973 2343 1172 2387 Ceterum
1211 2343 1444 2386 secundum
1481 2340 1672 2386 naturale
1709 2355 1799 2384 noo·

389 2395 456 2439 Ga
489 2397 498 2406 ‘
529 2396 625 2439 Allo
656 2399 749 2454 rogi
777 2407 1088 2455 nuncupantur.
1155 2400 1251 2456 Ego
1291 2407 1433 2442 tamen
1468 2397 1726 2442 secundum·
1773 2418 1793 2435 ιι

388 2506 418 2570 ξ’)
431 2506 601 2571 ἀωίτεῑτίἒὶε
625 2507 650 2572 ἒ.
674 2543 683 2552 .
729 2506 760 2540 b)
781 2507 824 2532 hic
842 2507 1027 2539 prosequitur
1048 2507 1075 2533 5.
1146 2508 1172 2542 c)
1193 2509 1233 2534 ica
1258 2510 1284 2535 l.
1357 2509 1387 2542 d)
1408 2507 1609 2541 etimon‘mn
1631 2507 1660 2533 1.
1730 2504 1759 2539 ο)
1810 2491 1817 2533 ιἸ

403 2563 410 2570 .
450 2548 530 2570 ceum
578 2552 605 2572 a.
654 2552 672 2570 a
688 2566 694 2572 .

392 2631 429 2676 1)
457 2632 656 2676 Spoletino,
690 2632 735 2665 cf.
770 2643 875 2677 supra
900 2634 938 2667 11
975 2644 1005 2667 c.
1033 2634 1091 2667 48.
1192 2635 1231 2679 2)
1258 2635 1313 2669 Cf.
1340 2635 1429 2678 Leg.
1464 2645 1496 2670 e.
1530 2634 1564 2668 5.
1661 2630 1702 2678 3)
1735 2632 1791 2667 cf.

390 2691 421 2714 c.
450 2680 515 2722 183
551 2682 582 2714 V
609 2692 639 2715 e.
667 2682 700 2714 6.
731 2682 787 2715 18.
883 2681 923 2726 4)
950 2683 1051 2717 Oros.
1076 2683 1210 2717 Hister.
1243 2684 1326 2717 adv.
1358 2694 1490 2728 pagan.
1525 2682 1600 2717 VII
1634 2692 1667 2717 e.
1693 2681 1760 2715 32:
1818 2694 1820 2696 ·

389 2729 568 2773 qnondam
585 2730 734 2763 subacta
750 2731 914 2764 interiore
934 2731 1125 2765 Germania
1144 2758 1152 2765 .
1171 2757 1180 2765 .
1199 2757 1208 2765 .
1221 2743 1286 2777 per
1304 2738 1421 2767 eastra
1439 2731 1629 2777 dispositos
1644 2732 1682 2765 in
1709 2747 1725 2759 ιι
1743 2756 1746 2759 ι
1765 2747 1772 2768 ·.
1791 2767 1796 2770 ,

391 2777 565 2812 coaluisse
599 2782 740 2822 gentem
775 2783 880 2822 atque
914 2781 965 2813 ita
999 2781 1104 2813 etiam
1139 2791 1267 2815 nomen
1301 2792 1345 2814 ex
1371 2791 1477 2825 opere
1511 2780 1778 2826 praesumsisse,
1811 2761 1819 2827 l

391 2826 516 2860 erebra
540 2837 604 2871 per
627 2826 776 2860 limitem
803 2827 1007 2861 habitacula
1032 2830 1222 2863 constituta
1251 2830 1382 2874 burgos
1406 2833 1550 2864 vocant.
1673 2827 1712 2872 5)
1737 2828 1756 2862 1
1795 2867 1798 2870 ,

390 2874 507 2919 bor-90.
607 2875 641 2914 6)
667 2877 690 2909 i.
718 2886 748 2909 e.
774 2877 850 2909 sine
876 2876 979 2919 (ohne
1004 2877 1224 2922 germanice)
1253 2879 1378 2922 burgo.
