<?xml version="1.0" encoding="UTF-8"?>
<!DOCTYPE html PUBLIC "-//W3C//DTD XHTML 1.0 Transitional//EN"
    "http://www.w3.org/TR/xhtml1/DTD/xhtml1-transitional.dtd">
<html xmlns="http://www.w3.org/1999/xhtml" xml:lang="en" lang="en">
 <head>
  <title>
</title>
<meta http-equiv="Content-Type" content="text/html;charset=utf-8" />
  <meta name='ocr-system' content='tesseract 3.04.00' />
  <meta name='ocr-capabilities' content='ocr_page ocr_carea ocr_par ocr_line ocrx_word'/>
</head>
<body>
  <div class='ocr_page' id='page_1' title='image "./liudprandiepisco00liuduoft_0171.png"; bbox 0 0 1838 3210; ppageno 0'>
   <div class='ocr_carea' id='block_1_1' title="bbox 0 0 84 3210">
    <p class='ocr_par' dir='ltr' id='par_1_1' title="bbox 0 0 84 3210">
     <span class='ocr_line' id='line_1_1' title="bbox 0 0 84 536; baseline 0 -94"><span class='ocrx_word' id='word_1_1' title='bbox 0 0 84 536; x_wconf 95' lang='lat' dir='ltr'><strong>     </strong></span> 
     </span>
     <span class='ocr_line' id='line_1_2' title="bbox 0 536 53 703; baseline 0 0"><span class='ocrx_word' id='word_1_2' title='bbox 0 536 53 703; x_wconf 95' lang='lat' dir='ltr'><strong>  </strong></span> 
     </span>
     <span class='ocr_line' id='line_1_3' title="bbox 0 703 52 934; baseline 0 -63"><span class='ocrx_word' id='word_1_3' title='bbox 0 703 52 934; x_wconf 95' lang='lat' dir='ltr'><strong>      </strong></span> 
     </span>
     <span class='ocr_line' id='line_1_4' title="bbox 0 934 51 1210; baseline 0 -107"><span class='ocrx_word' id='word_1_4' title='bbox 0 934 51 1210; x_wconf 95' lang='lat' dir='ltr'><strong>        </strong></span> 
     </span>
     <span class='ocr_line' id='line_1_5' title="bbox 0 1210 84 1448; baseline 0 -157"><span class='ocrx_word' id='word_1_5' title='bbox 0 1210 84 1448; x_wconf 95' lang='lat' dir='ltr'><strong>  </strong></span> 
     </span>
     <span class='ocr_line' id='line_1_6' title="bbox 0 1493 84 1883; baseline 0 -38"><span class='ocrx_word' id='word_1_6' title='bbox 0 1493 84 1883; x_wconf 95' lang='lat' dir='ltr'><strong>   </strong></span> 
     </span>
     <span class='ocr_line' id='line_1_7' title="bbox 0 1883 75 2113; baseline 0 -113"><span class='ocrx_word' id='word_1_7' title='bbox 0 1883 75 2113; x_wconf 95' lang='lat' dir='ltr'><strong>  </strong></span> 
     </span>
     <span class='ocr_line' id='line_1_8' title="bbox 0 2113 84 2497; baseline 0.012 -109"><span class='ocrx_word' id='word_1_8' title='bbox 0 2113 84 2497; x_wconf 95' lang='lat' dir='ltr'><strong>     </strong></span> 
     </span>
     <span class='ocr_line' id='line_1_9' title="bbox 0 2497 79 2731; baseline 0 -179"><span class='ocrx_word' id='word_1_9' title='bbox 0 2497 79 2731; x_wconf 95' lang='lat' dir='ltr'><strong>     </strong></span> 
     </span>
     <span class='ocr_line' id='line_1_10' title="bbox 0 2731 84 3210; baseline 0 -302"><span class='ocrx_word' id='word_1_10' title='bbox 0 2731 84 3210; x_wconf 95' lang='lat' dir='ltr'><strong>     </strong></span> 
     </span>
    </p>
   </div>
   <div class='ocr_carea' id='block_1_2' title="bbox 419 228 1545 264">
    <p class='ocr_par' dir='ltr' id='par_1_2' title="bbox 419 228 1545 264">
     <span class='ocr_line' id='line_1_11' title="bbox 419 228 1545 264; baseline -0.001 -1"><span class='ocrx_word' id='word_1_11' title='bbox 419 229 719 264; x_wconf 75' lang='lat' dir='ltr'>LIUDPRANDI</span> <span class='ocrx_word' id='word_1_12' title='bbox 743 228 971 263; x_wconf 77' lang='lat' dir='ltr'><strong>LEGATIO.</strong></span> <span class='ocrx_word' id='word_1_13' title='bbox 1021 228 1111 260; x_wconf 76' lang='grc'><strong>29-</strong></span> <span class='ocrx_word' id='word_1_14' title='bbox 1119 228 1178 262; x_wconf 84' lang='lat'><strong>31.</strong></span> <span class='ocrx_word' id='word_1_15' title='bbox 1478 229 1545 262; x_wconf 81' lang='lat'><strong>149</strong></span> 
     </span>
    </p>
   </div>
   <div class='ocr_carea' id='block_1_3' title="bbox 26 339 1678 2701">
    <p class='ocr_par' dir='ltr' id='par_1_3' title="bbox 36 339 1617 1136">
     <span class='ocr_line' id='line_1_12' title="bbox 41 339 1617 408; baseline -0.005 -21"><span class='ocrx_word' id='word_1_16' title='bbox 41 340 215 397; x_wconf 67' lang='grc' dir='ltr'><strong>,Ᾰωοωτς</strong></span> <span class='ocrx_word' id='word_1_17' title='bbox 256 341 373 408; x_wconf 85' lang='lat' dir='ltr'><strong>quod</strong></span> <span class='ocrx_word' id='word_1_18' title='bbox 408 343 453 384; x_wconf 91' lang='lat' dir='ltr'><strong>in</strong></span> <span class='ocrx_word' id='word_1_19' title='bbox 490 341 556 384; x_wconf 88' lang='lat' dir='ltr'><strong>his</strong></span> <span class='ocrx_word' id='word_1_20' title='bbox 595 355 722 397; x_wconf 85' lang='lat' dir='ltr'><strong>saepe</strong></span> <span class='ocrx_word' id='word_1_21' title='bbox 759 347 984 398; x_wconf 84' lang='lat' dir='ltr'><strong>expertum</strong></span> <span class='ocrx_word' id='word_1_22' title='bbox 1022 348 1087 383; x_wconf 90' lang='lat' dir='ltr'><strong>est</strong></span> <span class='ocrx_word' id='word_1_23' title='bbox 1114 339 1324 396; x_wconf 84' lang='lat' dir='ltr'><strong>gentibus,</strong></span> <span class='ocrx_word' id='word_1_24' title='bbox 1362 355 1543 397; x_wconf 89' lang='lat' dir='ltr'><strong>quarum</strong></span> <span class='ocrx_word' id='word_1_25' title='bbox 1556 352 1617 380; x_wconf 73' lang='lat' dir='ltr'><strong>oss</strong></span> 
     </span>
     <span class='ocr_line' id='line_1_13' title="bbox 41 396 1543 454; baseline 0.001 -16"><span class='ocrx_word' id='word_1_26' title='bbox 41 398 187 445; x_wconf 80' lang='lat' dir='ltr'><strong>etiam</strong></span> <span class='ocrx_word' id='word_1_27' title='bbox 206 397 344 442; x_wconf 86' lang='lat' dir='ltr'><strong>ultuni</strong></span> <span class='ocrx_word' id='word_1_28' title='bbox 363 404 407 442; x_wconf 88' lang='lat' dir='ltr'><strong>et</strong></span> <span class='ocrx_word' id='word_1_29' title='bbox 425 404 688 440; x_wconf 88' lang='lat' dir='ltr'><strong>caeterorum</strong></span> <span class='ocrx_word' id='word_1_30' title='bbox 708 398 1024 454; x_wconf 86' lang='lat' dir='ltr'><strong>comparatione</strong></span> <span class='ocrx_word' id='word_1_31' title='bbox 1043 397 1310 453; x_wconf 88' lang='lat' dir='ltr'><strong>impotentes,</strong></span> <span class='ocrx_word' id='word_1_32' title='bbox 1333 396 1543 440; x_wconf 80' lang='lat' dir='ltr'><strong>Graecam</strong></span> 
     </span>
     <span class='ocr_line' id='line_1_14' title="bbox 40 451 1545 506; baseline -0.002 -8"><span class='ocrx_word' id='word_1_33' title='bbox 40 453 346 498; x_wconf 68' lang='lat' dir='ltr'><strong>‹wrtitudinem</strong></span> <span class='ocrx_word' id='word_1_34' title='bbox 374 460 626 506; x_wconf 86' lang='lat' dir='ltr'><strong>straverunt,</strong></span> <span class='ocrx_word' id='word_1_35' title='bbox 655 452 921 496; x_wconf 75' lang='lat' dir='ltr'><strong>tributariam</strong></span> <span class='ocrx_word' id='word_1_36' title='bbox 948 452 1151 496; x_wconf 88' lang='lat' dir='ltr'><strong>fecerunt.</strong></span> <span class='ocrx_word' id='word_1_37' title='bbox 1191 451 1313 496; x_wconf 88' lang='lat' dir='ltr'><strong>Sicut</strong></span> <span class='ocrx_word' id='word_1_38' title='bbox 1333 453 1447 494; x_wconf 90' lang='lat' dir='ltr'><strong>enim</strong></span> <span class='ocrx_word' id='word_1_39' title='bbox 1467 467 1545 495; x_wconf 89' lang='lat' dir='ltr'><strong>vos</strong></span> 
     </span>
     <span class='ocr_line' id='line_1_15' title="bbox 42 507 1545 564; baseline 0.001 -14"><span class='ocrx_word' id='word_1_40' title='bbox 42 524 141 557; x_wconf 58' lang='lat' dir='ltr'><strong>„non</strong></span> <span class='ocrx_word' id='word_1_41' title='bbox 183 518 398 564; x_wconf 89' lang='lat' dir='ltr'><strong>terrerem,</strong></span> <span class='ocrx_word' id='word_1_42' title='bbox 442 509 479 552; x_wconf 91' lang='lat' dir='ltr'><strong>si</strong></span> <span class='ocrx_word' id='word_1_43' title='bbox 522 508 772 552; x_wconf 85' lang='lat' dir='ltr'><strong>fortissimos</strong></span> <span class='ocrx_word' id='word_1_44' title='bbox 815 507 908 552; x_wconf 90' lang='lat' dir='ltr'><strong>illos</strong></span> <span class='ocrx_word' id='word_1_45' title='bbox 951 517 993 552; x_wconf 90' lang='lat' dir='ltr'><strong>et</strong></span> <span class='ocrx_word' id='word_1_46' title='bbox 1029 507 1277 552; x_wconf 86' lang='lat' dir='ltr'><strong>Alexandro</strong></span> <span class='ocrx_word' id='word_1_47' title='bbox 1319 508 1545 552; x_wconf 79' lang='lat' dir='ltr'>Macedoni</span> 
     </span>
     <span class='ocr_line' id='line_1_16' title="bbox 44 565 1546 624; baseline -0.002 -14"><span class='ocrx_word' id='word_1_48' title='bbox 44 565 215 614; x_wconf 66' lang='lat' dir='ltr'><strong>§similes</strong></span> <span class='ocrx_word' id='word_1_49' title='bbox 243 565 521 624; x_wconf 81' lang='lat' dir='ltr'>predicarem,</span> <span class='ocrx_word' id='word_1_50' title='bbox 549 566 613 608; x_wconf 91' lang='lat' dir='ltr'><strong>sic</strong></span> <span class='ocrx_word' id='word_1_51' title='bbox 637 572 680 608; x_wconf 91' lang='lat' dir='ltr'><strong>et</strong></span> <span class='ocrx_word' id='word_1_52' title='bbox 697 580 778 608; x_wconf 87' lang='lat' dir='ltr'><strong>vos</strong></span> <span class='ocrx_word' id='word_1_53' title='bbox 795 572 907 607; x_wconf 77' lang='lat' dir='ltr'><strong>non⁸</strong></span> <span class='ocrx_word' id='word_1_54' title='bbox 935 565 1106 622; x_wconf 87' lang='lat' dir='ltr'><strong>instigo,</strong></span> <span class='ocrx_word' id='word_1_55' title='bbox 1135 579 1233 607; x_wconf 88' lang='lat' dir='ltr'><strong>cum</strong></span> <span class='ocrx_word' id='word_1_56' title='bbox 1251 565 1546 622; x_wconf 72' lang='lat' dir='ltr'><strong>impotentiam</strong></span> 
     </span>
     <span class='ocr_line' id='line_1_17' title="bbox 44 620 1544 680; baseline -0.001 -14"><span class='ocrx_word' id='word_1_57' title='bbox 44 635 216 677; x_wconf 74' lang='lat' dir='ltr'><strong>eorum,</strong></span> <span class='ocrx_word' id='word_1_58' title='bbox 255 637 364 680; x_wconf 85' lang='lat' dir='ltr'><strong>quae</strong></span> <span class='ocrx_word' id='word_1_59' title='bbox 390 636 494 664; x_wconf 86' lang='lat' dir='ltr'><strong>vera</strong></span> <span class='ocrx_word' id='word_1_60' title='bbox 523 628 599 675; x_wconf 90' lang='lat' dir='ltr'><strong>est,</strong></span> <span class='ocrx_word' id='word_1_61' title='bbox 638 636 778 664; x_wconf 90' lang='lat' dir='ltr'><strong>narro.</strong></span> <span class='ocrx_word' id='word_1_62' title='bbox 841 621 948 664; x_wconf 87' lang='lat' dir='ltr'><strong>Mihi</strong></span> <span class='ocrx_word' id='word_1_63' title='bbox 987 620 1167 664; x_wconf 87' lang='lat' dir='ltr'><strong>credatis</strong></span> <span class='ocrx_word' id='word_1_64' title='bbox 1202 620 1345 675; x_wconf 84' lang='lat' dir='ltr'><strong>velim,</strong></span> <span class='ocrx_word' id='word_1_65' title='bbox 1384 627 1427 664; x_wconf 89' lang='lat' dir='ltr'><strong>et</strong></span> <span class='ocrx_word' id='word_1_66' title='bbox 1455 635 1544 664; x_wconf 89' lang='lat' dir='ltr'><strong>cre-</strong></span> 
     </span>
     <span class='ocr_line' id='line_1_18' title="bbox 46 677 1543 744; baseline 0.001 -26"><span class='ocrx_word' id='word_1_67' title='bbox 46 677 166 722; x_wconf 84' lang='lat' dir='ltr'><strong>detis</strong></span> <span class='ocrx_word' id='word_1_68' title='bbox 201 678 302 732; x_wconf 78' lang='lat' dir='ltr'><strong>scio,</strong></span> <span class='ocrx_word' id='word_1_69' title='bbox 343 692 512 721; x_wconf 90' lang='lat' dir='ltr'><strong>omnem</strong></span> <span class='ocrx_word' id='word_1_70' title='bbox 547 678 687 744; x_wconf 86' lang='lat' dir='ltr'><strong>ipsum</strong></span> <span class='ocrx_word' id='word_1_71' title='bbox 725 677 962 720; x_wconf 85' lang='lat' dir='ltr'><strong>exercitum</strong></span> <span class='ocrx_word' id='word_1_72' title='bbox 1001 677 1320 734; x_wconf 84' lang='lat' dir='ltr'><strong>quadringentis</strong></span> <span class='ocrx_word' id='word_1_73' title='bbox 1346 677 1498 720; x_wconf 85' lang='lat' dir='ltr'><strong>vestris</strong></span> <span class='ocrx_word' id='word_1_74' title='bbox 1510 678 1543 732; x_wconf 71' lang='lat'><strong>¹³,</strong></span> 
     </span>
     <span class='ocr_line' id='line_1_19' title="bbox 52 732 1542 791; baseline -0.001 -13.02"><span class='ocrx_word' id='word_1_75' title='bbox 52 735 94 778; x_wconf 73' lang='lat' dir='ltr'><strong>si</strong></span> <span class='ocrx_word' id='word_1_76' title='bbox 121 733 236 777; x_wconf 82' lang='lat' dir='ltr'><strong>fossa</strong></span> <span class='ocrx_word' id='word_1_77' title='bbox 262 735 427 777; x_wconf 87' lang='lat' dir='ltr'><strong>murive</strong></span> <span class='ocrx_word' id='word_1_78' title='bbox 456 749 541 777; x_wconf 90' lang='lat' dir='ltr'><strong>non</strong></span> <span class='ocrx_word' id='word_1_79' title='bbox 569 732 817 791; x_wconf 73' lang='lat' dir='ltr'><strong>impediant,</strong></span> <span class='ocrx_word' id='word_1_80' title='bbox 845 748 971 791; x_wconf 88' lang='lat' dir='ltr'><strong>posse</strong></span> <span class='ocrx_word' id='word_1_81' title='bbox 1001 732 1206 787; x_wconf 88' lang='lat' dir='ltr'><strong>occidere,</strong></span> <span class='ocrx_word' id='word_1_82' title='bbox 1235 734 1304 776; x_wconf 91' lang='lat' dir='ltr'><strong>cui</strong></span> <span class='ocrx_word' id='word_1_83' title='bbox 1324 734 1542 787; x_wconf 85' lang='lat' dir='ltr'><strong>exercitui,</strong></span> 
     </span>
     <span class='ocr_line' id='line_1_20' title="bbox 37 788 1543 848; baseline -0.001 -14"><span class='ocrx_word' id='word_1_84' title='bbox 37 796 103 834; x_wconf 81' lang='lat' dir='ltr'><strong>ut</strong></span> <span class='ocrx_word' id='word_1_85' title='bbox 129 797 234 848; x_wconf 89' lang='lat' dir='ltr'><strong>puto</strong></span> <span class='ocrx_word' id='word_1_86' title='bbox 261 789 317 833; x_wconf 85' lang='lat' dir='ltr'><strong>ad</strong></span> <span class='ocrx_word' id='word_1_87' title='bbox 347 789 644 834; x_wconf 87' lang='lat' dir='ltr'><strong>contumeliam</strong></span> <span class='ocrx_word' id='word_1_88' title='bbox 673 797 872 844; x_wconf 84' lang='lat' dir='ltr'><strong>vestram,</strong></span> <span class='ocrx_word' id='word_1_89' title='bbox 900 788 1117 832; x_wconf 90' lang='lat' dir='ltr'><strong>hominem</strong></span> <span class='ocrx_word' id='word_1_90' title='bbox 1147 789 1363 847; x_wconf 86' lang='lat' dir='ltr'><strong>quandam</strong></span> <span class='ocrx_word' id='word_1_91' title='bbox 1383 817 1435 822; x_wconf 95' lang='lat'><strong>—</strong></span> <span class='ocrx_word' id='word_1_92' title='bbox 1467 789 1543 833; x_wconf 88' lang='lat' dir='ltr'><strong>sed</strong></span> 
     </span>
     <span class='ocr_line' id='line_1_21' title="bbox 36 844 1543 904; baseline 0 -15"><span class='ocrx_word' id='word_1_93' title='bbox 36 845 268 904; x_wconf 82' lang='lat' dir='ltr'><strong>quandam</strong></span> <span class='ocrx_word' id='word_1_94' title='bbox 297 861 349 890; x_wconf 93' lang='lat' dir='ltr'><strong>eo</strong></span> <span class='ocrx_word' id='word_1_95' title='bbox 378 846 482 900; x_wconf 86' lang='lat' dir='ltr'><strong>dixi,</strong></span> <span class='ocrx_word' id='word_1_96' title='bbox 513 847 615 904; x_wconf 84' lang='lat' dir='ltr'><strong>quia</strong></span> <span class='ocrx_word' id='word_1_97' title='bbox 642 861 734 889; x_wconf 90' lang='lat' dir='ltr'><strong>mas</strong></span> <span class='ocrx_word' id='word_1_98' title='bbox 763 861 855 889; x_wconf 88' lang='lat' dir='ltr'><strong>esse</strong></span> <span class='ocrx_word' id='word_1_99' title='bbox 875 845 1012 899; x_wconf 90' lang='lat' dir='ltr'><strong>desiit,</strong></span> <span class='ocrx_word' id='word_1_100' title='bbox 1042 844 1193 889; x_wconf 89' lang='lat' dir='ltr'><strong>mulier</strong></span> <span class='ocrx_word' id='word_1_101' title='bbox 1211 845 1302 889; x_wconf 90' lang='lat' dir='ltr'><strong>fieri</strong></span> <span class='ocrx_word' id='word_1_102' title='bbox 1321 846 1469 903; x_wconf 90' lang='lat' dir='ltr'><strong>nequit</strong></span> <span class='ocrx_word' id='word_1_103' title='bbox 1486 873 1543 879; x_wconf 91' lang='lat'><strong>—</strong></span> 
     </span>
     <span class='ocr_line' id='line_1_22' title="bbox 38 901 1542 961; baseline -0.001 -15"><span class='ocrx_word' id='word_1_104' title='bbox 38 916 129 961; x_wconf 83' lang='lat' dir='ltr'><strong>pre</strong></span> <span class='ocrx_word' id='word_1_105' title='bbox 161 903 286 946; x_wconf 86' lang='lat' dir='ltr'><strong>osuit.</strong></span> <span class='ocrx_word' id='word_1_106' title='bbox 342 901 600 946; x_wconf 85' lang='lat' dir='ltr'><strong>Adelbertus</strong></span> <span class='ocrx_word' id='word_1_107' title='bbox 630 910 726 945; x_wconf 87' lang='lat' dir='ltr'><strong>octo</strong></span> <span class='ocrx_word' id='word_1_108' title='bbox 754 901 871 945; x_wconf 89' lang='lat' dir='ltr'><strong>milia</strong></span> <span class='ocrx_word' id='word_1_109' title='bbox 899 902 1172 945; x_wconf 84' lang='lat' dir='ltr'><strong>loricatorum</strong></span> <span class='ocrx_word' id='word_1_110' title='bbox 1201 917 1246 944; x_wconf 88' lang='lat' dir='ltr'><strong>se</strong></span> <span class='ocrx_word' id='word_1_111' title='bbox 1284 901 1440 945; x_wconf 88' lang='lat' dir='ltr'><strong>habere</strong></span> <span class='ocrx_word' id='word_1_112' title='bbox 1469 902 1542 944; x_wconf 89' lang='lat' dir='ltr'><strong>Ni-</strong></span> 
     </span>
     <span class='ocr_line' id='line_1_23' title="bbox 39 957 1541 1016; baseline 0.003 -18"><span class='ocrx_word' id='word_1_113' title='bbox 39 972 133 1016; x_wconf 77' lang='grc' dir='ltr'><strong>οθρ</strong></span> <span class='ocrx_word' id='word_1_114' title='bbox 166 973 241 1002; x_wconf 88' lang='lat' dir='ltr'><strong>oro</strong></span> <span class='ocrx_word' id='word_1_115' title='bbox 260 958 491 1013; x_wconf 81' lang='lat' dir='ltr'><strong>mandavit,</strong></span> <span class='ocrx_word' id='word_1_116' title='bbox 512 958 781 1016; x_wconf 84' lang='lat' dir='ltr'><strong>quibuscum,</strong></span> <span class='ocrx_word' id='word_1_117' title='bbox 801 957 963 1015; x_wconf 87' lang='lat' dir='ltr'><strong>Argivo</strong></span> <span class='ocrx_word' id='word_1_118' title='bbox 984 957 1315 1001; x_wconf 82' lang='lat' dir='ltr'><strong>adminiculante</strong></span> <span class='ocrx_word' id='word_1_119' title='bbox 1336 959 1541 1013; x_wconf 83' lang='lat' dir='ltr'><strong>exercitu,</strong></span> 
     </span>
     <span class='ocr_line' id='line_1_24' title="bbox 38 1013 1541 1071; baseline -0.001 -12"><span class='ocrx_word' id='word_1_120' title='bbox 38 1028 130 1059; x_wconf 73' lang='lat' dir='ltr'><strong>vos</strong></span> <span class='ocrx_word' id='word_1_121' title='bbox 158 1015 307 1071; x_wconf 75' lang='lat' dir='ltr'><strong>fligare</strong></span> <span class='ocrx_word' id='word_1_122' title='bbox 335 1021 411 1058; x_wconf 83' lang='lat' dir='ltr'><strong>aut</strong></span> <span class='ocrx_word' id='word_1_123' title='bbox 439 1022 625 1058; x_wconf 89' lang='lat' dir='ltr'><strong>sternere</strong></span> <span class='ocrx_word' id='word_1_124' title='bbox 655 1014 772 1068; x_wconf 84' lang='lat' dir='ltr'><strong>dicit,</strong></span> <span class='ocrx_word' id='word_1_125' title='bbox 809 1029 856 1058; x_wconf 90' lang='lat' dir='ltr'><strong>ro</strong></span> <span class='ocrx_word' id='word_1_126' title='bbox 887 1015 1060 1071; x_wconf 89' lang='lat' dir='ltr'><strong>avitque</strong></span> <span class='ocrx_word' id='word_1_127' title='bbox 1096 1013 1311 1057; x_wconf 88' lang='lat' dir='ltr'><strong>aemulum</strong></span> <span class='ocrx_word' id='word_1_128' title='bbox 1339 1021 1541 1070; x_wconf 86' lang='lat' dir='ltr'><strong>vestrum,</strong></span> 
     </span>
     <span class='ocr_line' id='line_1_25' title="bbox 39 1069 1541 1136; baseline -0.001 -21"><span class='ocrx_word' id='word_1_129' title='bbox 39 1077 102 1136; x_wconf 68' lang='lat' dir='ltr'><strong>ut</strong></span> <span class='ocrx_word' id='word_1_130' title='bbox 125 1071 310 1128; x_wconf 85' lang='lat' dir='ltr'><strong>pecunia</strong></span> <span class='ocrx_word' id='word_1_131' title='bbox 337 1069 396 1114; x_wconf 89' lang='lat' dir='ltr'><strong>illi</strong></span> <span class='ocrx_word' id='word_1_132' title='bbox 433 1071 680 1125; x_wconf 87' lang='lat' dir='ltr'><strong>mitteretur,</strong></span> <span class='ocrx_word' id='word_1_133' title='bbox 721 1085 806 1128; x_wconf 88' lang='lat' dir='ltr'><strong>qua</strong></span> <span class='ocrx_word' id='word_1_134' title='bbox 842 1071 851 1080; x_wconf 70' lang='lat'>⁶</span> <span class='ocrx_word' id='word_1_135' title='bbox 885 1086 931 1115; x_wconf 88' lang='lat' dir='ltr'><strong>os</strong></span> <span class='ocrx_word' id='word_1_136' title='bbox 967 1070 1136 1113; x_wconf 88' lang='lat' dir='ltr'><strong>avidius</strong></span> <span class='ocrx_word' id='word_1_137' title='bbox 1172 1070 1228 1113; x_wconf 87' lang='lat' dir='ltr'><strong>ad</strong></span> <span class='ocrx_word' id='word_1_138' title='bbox 1260 1085 1450 1128; x_wconf 86' lang='lat' dir='ltr'><strong>pugnam</strong></span> <span class='ocrx_word' id='word_1_139' title='bbox 1479 1071 1541 1113; x_wconf 90' lang='lat' dir='ltr'><strong>in-</strong></span> 
     </span>
    </p>

    <p class='ocr_par' dir='ltr' id='par_1_4' title="bbox 31 1132 835 1237">
     <span class='ocr_line' id='line_1_26' title="bbox 41 1133 238 1170; baseline 0 0"><span class='ocrx_word' id='word_1_140' title='bbox 41 1133 43 1136; x_wconf 82' lang='grc'><strong>“</strong></span> <span class='ocrx_word' id='word_1_141' title='bbox 162 1134 238 1170; x_wconf 84' lang='lat' dir='ltr'><strong>ret.</strong></span> 
     </span>
     <span class='ocr_line' id='line_1_27' title="bbox 31 1132 835 1237; baseline -0.001 -11"><span class='ocrx_word' id='word_1_142' title='bbox 31 1132 231 1229; x_wconf 45' lang='lat' dir='ltr'><strong>’¹²8⁸ae-</strong></span> <span class='ocrx_word' id='word_1_143' title='bbox 276 1182 363 1227; x_wconf 81' lang='lat' dir='ltr'><strong>Sed</strong></span> <span class='ocrx_word' id='word_1_144' title='bbox 391 1198 519 1237; x_wconf 90' lang='lat' dir='ltr'><strong>nunc,</strong></span> <span class='ocrx_word' id='word_1_145' title='bbox 548 1182 709 1225; x_wconf 90' lang='lat' dir='ltr'><strong>domini</strong></span> <span class='ocrx_word' id='word_1_146' title='bbox 739 1183 835 1237; x_wconf 90' lang='lat' dir='ltr'><strong>mei,</strong></span> 
     </span>
    </p>

    <p class='ocr_par' dir='ltr' id='par_1_5' title="bbox 42 1238 1370 1305">
     <span class='ocr_line' id='line_1_28' title="bbox 42 1238 1370 1305; baseline -0.002 -22"><span class='ocrx_word' id='word_1_147' title='bbox 42 1247 44 1251; x_wconf 84' lang='grc'><strong>“</strong></span> <span class='ocrx_word' id='word_1_148' title='bbox 216 1238 440 1305; x_wconf 87' lang='lat' dir='ltr'><strong>Accipite¹</strong></span> <span class='ocrx_word' id='word_1_149' title='bbox 470 1238 645 1281; x_wconf 83' lang='lat' dir='ltr'><strong>insidias</strong></span> <span class='ocrx_word' id='word_1_150' title='bbox 674 1239 892 1294; x_wconf 83' lang='lat' dir='ltr'><strong>Danaum3</strong></span> <span class='ocrx_word' id='word_1_151' title='bbox 925 1246 968 1281; x_wconf 93' lang='lat' dir='ltr'><strong>et</strong></span> <span class='ocrx_word' id='word_1_152' title='bbox 997 1238 1171 1281; x_wconf 86' lang='lat' dir='ltr'><strong>crimine</strong></span> <span class='ocrx_word' id='word_1_153' title='bbox 1199 1239 1265 1286; x_wconf 69' lang='lat' dir='ltr'><strong>ab,</strong></span> <span class='ocrx_word' id='word_1_154' title='bbox 1284 1253 1370 1281; x_wconf 90' lang='lat' dir='ltr'><strong>uno</strong></span> 
     </span>
    </p>

    <p class='ocr_par' dir='ltr' id='par_1_6' title="bbox 40 1295 575 1339">
     <span class='ocr_line' id='line_1_29' title="bbox 40 1295 575 1339; baseline 0.002 -2"><span class='ocrx_word' id='word_1_155' title='bbox 40 1330 45 1337; x_wconf 86' lang='grc'><em>,</em></span> <span class='ocrx_word' id='word_1_156' title='bbox 217 1295 385 1339; x_wconf 77' lang='lat' dir='ltr'><strong>Discite</strong></span> <span class='ocrx_word' id='word_1_157' title='bbox 415 1309 575 1338; x_wconf 86' lang='lat' dir='ltr'><strong>omnes.</strong></span> 
     </span>
    </p>

    <p class='ocr_par' dir='ltr' id='par_1_7' title="bbox 34 1347 1540 1971">
     <span class='ocr_line' id='line_1_30' title="bbox 40 1347 1539 1409; baseline -0.001 -14"><span class='ocrx_word' id='word_1_158' title='bbox 40 1347 317 1408; x_wconf 75' lang='lat' dir='ltr'><strong>Nicephorus</strong></span> <span class='ocrx_word' id='word_1_159' title='bbox 346 1352 558 1409; x_wconf 89' lang='lat' dir='ltr'><strong>mancipio</strong></span> <span class='ocrx_word' id='word_1_160' title='bbox 588 1350 663 1405; x_wconf 86' lang='lat' dir='ltr'><strong>illi,</strong></span> <span class='ocrx_word' id='word_1_161' title='bbox 691 1351 760 1394; x_wconf 90' lang='lat' dir='ltr'><strong>cui</strong></span> <span class='ocrx_word' id='word_1_162' title='bbox 789 1350 1062 1395; x_wconf 87' lang='lat' dir='ltr'><strong>collectitium</strong></span> <span class='ocrx_word' id='word_1_163' title='bbox 1081 1358 1209 1408; x_wconf 87' lang='lat' dir='ltr'><strong>atque</strong></span> <span class='ocrx_word' id='word_1_164' title='bbox 1231 1350 1539 1394; x_wconf 88' lang='lat' dir='ltr'><strong>conductitium</strong></span> 
     </span>
     <span class='ocr_line' id='line_1_31' title="bbox 50 1406 1538 1464; baseline -0.001 -12"><span class='ocrx_word' id='word_1_165' title='bbox 50 1407 367 1452; x_wconf 78' lang='lat' dir='ltr'><strong>commendavit</strong></span> <span class='ocrx_word' id='word_1_166' title='bbox 395 1408 644 1461; x_wconf 82' lang='lat' dir='ltr'><strong>exercitum,</strong></span> <span class='ocrx_word' id='word_1_167' title='bbox 673 1409 900 1464; x_wconf 88' lang='lat' dir='ltr'><strong>pecuniam</strong></span> <span class='ocrx_word' id='word_1_168' title='bbox 931 1407 1032 1450; x_wconf 88' lang='lat' dir='ltr'><strong>satis</strong></span> <span class='ocrx_word' id='word_1_169' title='bbox 1055 1421 1255 1464; x_wconf 88' lang='lat' dir='ltr'><strong>magnam</strong></span> <span class='ocrx_word' id='word_1_170' title='bbox 1275 1406 1356 1450; x_wconf 88' lang='lat' dir='ltr'><strong>hac</strong></span> <span class='ocrx_word' id='word_1_171' title='bbox 1377 1407 1538 1451; x_wconf 85' lang='lat' dir='ltr'><strong>ratione</strong></span> 
     </span>
     <span class='ocr_line' id='line_1_32' title="bbox 60 1462 1540 1521; baseline -0.001 -14"><span class='ocrx_word' id='word_1_172' title='bbox 60 1483 121 1501; x_wconf 58' lang='lat' dir='ltr'><strong>a·</strong></span> <span class='ocrx_word' id='word_1_173' title='bbox 136 1464 179 1518; x_wconf 79' lang='lat' dir='ltr'><strong>‘t‚</strong></span> <span class='ocrx_word' id='word_1_174' title='bbox 218 1470 266 1507; x_wconf 93' lang='lat' dir='ltr'><strong>ut</strong></span> <span class='ocrx_word' id='word_1_175' title='bbox 293 1465 329 1507; x_wconf 90' lang='lat' dir='ltr'><strong>si</strong></span> <span class='ocrx_word' id='word_1_176' title='bbox 357 1462 612 1507; x_wconf 88' lang='lat' dir='ltr'><strong>Adelbertus</strong></span> <span class='ocrx_word' id='word_1_177' title='bbox 642 1478 739 1506; x_wconf 88' lang='lat' dir='ltr'><strong>cum</strong></span> <span class='ocrx_word' id='word_1_178' title='bbox 779 1471 942 1521; x_wconf 87' lang='lat' dir='ltr'><strong>septem</strong></span> <span class='ocrx_word' id='word_1_179' title='bbox 977 1462 1150 1507; x_wconf 90' lang='lat' dir='ltr'><strong>milibus</strong></span> <span class='ocrx_word' id='word_1_180' title='bbox 1186 1462 1458 1506; x_wconf 87' lang='lat' dir='ltr'><strong>loricatorum</strong></span> <span class='ocrx_word' id='word_1_181' title='bbox 1497 1471 1540 1506; x_wconf 94' lang='lat' dir='ltr'><strong>et</strong></span> 
     </span>
     <span class='ocr_line' id='line_1_33' title="bbox 59 1518 1539 1574; baseline -0.001 -11"><span class='ocrx_word' id='word_1_182' title='bbox 59 1539 91 1556; x_wconf 65' lang='lat'><strong>2·</strong></span> <span class='ocrx_word' id='word_1_183' title='bbox 128 1534 196 1563; x_wconf 85' lang='lat' dir='ltr'><strong>am</strong></span> <span class='ocrx_word' id='word_1_184' title='bbox 230 1518 324 1573; x_wconf 89' lang='lat' dir='ltr'><strong>lius,</strong></span> <span class='ocrx_word' id='word_1_185' title='bbox 363 1520 472 1563; x_wconf 87' lang='lat' dir='ltr'><strong>sicut</strong></span> <span class='ocrx_word' id='word_1_186' title='bbox 509 1519 740 1574; x_wconf 87' lang='lat' dir='ltr'><strong>mandavit,</strong></span> <span class='ocrx_word' id='word_1_187' title='bbox 779 1535 824 1563; x_wconf 91' lang='lat' dir='ltr'><strong>se</strong></span> <span class='ocrx_word' id='word_1_188' title='bbox 853 1519 1016 1573; x_wconf 83' lang='lat' dir='ltr'><strong>adierit,</strong></span> <span class='ocrx_word' id='word_1_189' title='bbox 1051 1527 1154 1562; x_wconf 89' lang='lat' dir='ltr'><strong>tunc</strong></span> <span class='ocrx_word' id='word_1_190' title='bbox 1191 1518 1438 1572; x_wconf 86' lang='lat' dir='ltr'><strong>donativum</strong></span> <span class='ocrx_word' id='word_1_191' title='bbox 1477 1520 1539 1563; x_wconf 88' lang='lat' dir='ltr'><strong>eis</strong></span> 
     </span>
     <span class='ocr_line' id='line_1_34' title="bbox 46 1574 1538 1633; baseline -0.001 -13"><span class='ocrx_word' id='word_1_192' title='bbox 46 1580 66 1611; x_wconf 58' lang='grc' dir='ltr'>Ἰ</span> <span class='ocrx_word' id='word_1_193' title='bbox 94 1575 153 1620; x_wconf 87' lang='lat' dir='ltr'><strong>ud</strong></span> <span class='ocrx_word' id='word_1_194' title='bbox 225 1576 432 1629; x_wconf 68' lang='lat' dir='ltr'><strong>&#39;sn-ibunt,</strong></span> <span class='ocrx_word' id='word_1_195' title='bbox 462 1575 583 1619; x_wconf 85' lang='lat' dir='ltr'><strong>Cona</strong></span> <span class='ocrx_word' id='word_1_196' title='bbox 610 1576 740 1619; x_wconf 79' lang='lat' dir='ltr'><strong>frater</strong></span> <span class='ocrx_word' id='word_1_197' title='bbox 768 1583 898 1619; x_wconf 84' lang='lat' dir='ltr'><strong>suus²</strong></span> <span class='ocrx_word' id='word_1_198' title='bbox 928 1590 1026 1618; x_wconf 89' lang='lat' dir='ltr'><strong>cum</strong></span> <span class='ocrx_word' id='word_1_199' title='bbox 1056 1576 1220 1633; x_wconf 86' lang='lat' dir='ltr'><strong>ipsiusc</strong></span> <span class='ocrx_word' id='word_1_200' title='bbox 1262 1583 1304 1619; x_wconf 89' lang='lat' dir='ltr'><strong>et</strong></span> <span class='ocrx_word' id='word_1_201' title='bbox 1334 1574 1538 1633; x_wconf 86' lang='lat' dir='ltr'><strong>Argolico</strong></span> 
     </span>
     <span class='ocr_line' id='line_1_35' title="bbox 43 1631 1540 1690; baseline 0 -15"><span class='ocrx_word' id='word_1_202' title='bbox 43 1646 83 1668; x_wconf 55' lang='lat'><strong>²·</strong></span> <span class='ocrx_word' id='word_1_203' title='bbox 106 1632 239 1675; x_wconf 85' lang='lat' dir='ltr'><strong>ercitu</strong></span> <span class='ocrx_word' id='word_1_204' title='bbox 281 1646 358 1681; x_wconf 81' lang='lat' dir='ltr'><strong>vos</strong></span> <span class='ocrx_word' id='word_1_205' title='bbox 401 1633 636 1690; x_wconf 86' lang='lat' dir='ltr'><strong>impugnet,</strong></span> <span class='ocrx_word' id='word_1_206' title='bbox 679 1631 935 1676; x_wconf 89' lang='lat' dir='ltr'><strong>Adelbertus</strong></span> <span class='ocrx_word' id='word_1_207' title='bbox 979 1647 1080 1675; x_wconf 88' lang='lat' dir='ltr'><strong>vero</strong></span> <span class='ocrx_word' id='word_1_208' title='bbox 1123 1632 1271 1675; x_wconf 83' lang='lat' dir='ltr'><strong>Bareis</strong></span> <span class='ocrx_word' id='word_1_209' title='bbox 1313 1631 1540 1689; x_wconf 86' lang='lat' dir='ltr'><strong>diligenter</strong></span> 
     </span>
     <span class='ocr_line' id='line_1_36' title="bbox 46 1687 1538 1746; baseline -0.001 -14"><span class='ocrx_word' id='word_1_210' title='bbox 46 1710 62 1716; x_wconf 50' lang='grc'><strong>·’</strong></span> <span class='ocrx_word' id='word_1_211' title='bbox 86 1687 327 1742; x_wconf 82' lang='lat' dir='ltr'><strong>tediatur,</strong></span> <span class='ocrx_word' id='word_1_212' title='bbox 366 1687 502 1732; x_wconf 90' lang='lat' dir='ltr'><strong>donec</strong></span> <span class='ocrx_word' id='word_1_213' title='bbox 540 1689 700 1746; x_wconf 85' lang='lat' dir='ltr'><strong>potitus</strong></span> <span class='ocrx_word' id='word_1_214' title='bbox 735 1689 914 1732; x_wconf 82' lang='lat' dir='ltr'><strong>victoria</strong></span> <span class='ocrx_word' id='word_1_215' title='bbox 947 1688 1078 1731; x_wconf 81' lang='lat' dir='ltr'><strong>frater</strong></span> <span class='ocrx_word' id='word_1_216' title='bbox 1111 1687 1268 1732; x_wconf 87' lang='lat' dir='ltr'><strong>redeat.</strong></span> <span class='ocrx_word' id='word_1_217' title='bbox 1338 1688 1466 1742; x_wconf 84' lang='lat' dir='ltr'><strong>Quod</strong></span> <span class='ocrx_word' id='word_1_218' title='bbox 1502 1689 1538 1731; x_wconf 91' lang='lat' dir='ltr'><strong>si</strong></span> 
     </span>
     <span class='ocr_line' id='line_1_37' title="bbox 34 1743 1537 1811; baseline 0 -23"><span class='ocrx_word' id='word_1_219' title='bbox 34 1745 223 1788; x_wconf 46' lang='lat' dir='ltr'><strong>veniens</strong></span> <span class='ocrx_word' id='word_1_220' title='bbox 251 1751 314 1810; x_wconf 75' lang='lat' dir='ltr'><strong>tot</strong></span> <span class='ocrx_word' id='word_1_221' title='bbox 340 1744 560 1788; x_wconf 88' lang='lat' dir='ltr'><strong>hominum</strong></span> <span class='ocrx_word' id='word_1_222' title='bbox 589 1743 706 1811; x_wconf 71' lang='lat' dir='ltr'><strong>milia</strong></span> <span class='ocrx_word' id='word_1_223' title='bbox 733 1759 819 1788; x_wconf 89' lang='lat' dir='ltr'><strong>non</strong></span> <span class='ocrx_word' id='word_1_224' title='bbox 848 1744 1032 1799; x_wconf 81' lang='lat' dir='ltr'><strong>duxerit,</strong></span> <span class='ocrx_word' id='word_1_225' title='bbox 1066 1750 1114 1811; x_wconf 71' lang='lat' dir='ltr'><strong>ut</strong></span> <span class='ocrx_word' id='word_1_226' title='bbox 1142 1745 1350 1802; x_wconf 83' lang='lat' dir='ltr'><strong>capiatur,</strong></span> <span class='ocrx_word' id='word_1_227' title='bbox 1380 1745 1537 1788; x_wconf 83' lang='lat' dir='ltr'><strong>vincia·</strong></span> 
     </span>
     <span class='ocr_line' id='line_1_38' title="bbox 77 1800 1538 1911; baseline 0 -10"><span class='ocrx_word' id='word_1_228' title='bbox 77 1871 157 1901; x_wconf 63' lang='lat' dir='ltr'><strong>uae</strong></span> <span class='ocrx_word' id='word_1_229' title='bbox 186 1858 226 1900; x_wconf 65' lang='lat' dir='ltr'><strong>ei</strong></span> <span class='ocrx_word' id='word_1_230' title='bbox 261 1800 775 1902; x_wconf 51' lang='lat' dir='ltr'><strong>ffleebsst‘ssffvfissssffibffi</strong></span> <span class='ocrx_word' id='word_1_231' title='bbox 808 1800 1255 1911; x_wconf 54' lang='lat' dir='ltr'><strong>ssssflissuraofflaffi</strong></span> <span class='ocrx_word' id='word_1_232' title='bbox 1274 1809 1538 1901; x_wconf 55' lang='lat' dir='ltr'><strong>egdiffissunss</strong></span> 
     </span>
     <span class='ocr_line' id='line_1_39' title="bbox 40 1912 1537 1971; baseline 0 -15"><span class='ocrx_word' id='word_1_233' title='bbox 40 1919 65 1962; x_wconf 67' lang='grc' dir='ltr'><strong>-ἰι</strong></span> <span class='ocrx_word' id='word_1_234' title='bbox 84 1933 95 1950; x_wconf 73' lang='lat'>2</span> <span class='ocrx_word' id='word_1_235' title='bbox 115 1912 315 1957; x_wconf 87' lang='lat' dir='ltr'><strong>latorem!</strong></span> <span class='ocrx_word' id='word_1_236' title='bbox 343 1928 368 1956; x_wconf 91' lang='grc' dir='ltr'>ο</span> <span class='ocrx_word' id='word_1_237' title='bbox 388 1912 578 1956; x_wconf 86' lang='lat' dir='ltr'><strong>fidelem!</strong></span> <span class='ocrx_word' id='word_1_238' title='bbox 608 1913 793 1957; x_wconf 85' lang='lat' dir='ltr'><strong>Prodere</strong></span> <span class='ocrx_word' id='word_1_239' title='bbox 813 1915 944 1971; x_wconf 88' lang='lat' dir='ltr'><strong>cupit,</strong></span> <span class='ocrx_word' id='word_1_240' title='bbox 975 1913 1074 1956; x_wconf 71' lang='lat' dir='ltr'><strong>eui(¹</strong></span> <span class='ocrx_word' id='word_1_241' title='bbox 1104 1913 1368 1957; x_wconf 85' lang='lat' dir='ltr'><strong>defensorem</strong></span> <span class='ocrx_word' id='word_1_242' title='bbox 1396 1920 1537 1971; x_wconf 87' lang='lat' dir='ltr'><strong>parat;</strong></span> 
     </span>
    </p>

    <p class='ocr_par' dir='ltr' id='par_1_8' title="bbox 28 1969 1535 2182">
     <span class='ocr_line' id='line_1_40' title="bbox 39 1969 1535 2027; baseline 0.001 -16"><span class='ocrx_word' id='word_1_243' title='bbox 39 1975 63 2012; x_wconf 62' lang='grc' dir='ltr'><strong>,ξι</strong></span> <span class='ocrx_word' id='word_1_244' title='bbox 86 1969 311 2013; x_wconf 86' lang='lat' dir='ltr'><strong>fensorem</strong></span> <span class='ocrx_word' id='word_1_245' title='bbox 370 1977 474 2024; x_wconf 84' lang='lat' dir='ltr'><strong>arat,</strong></span> <span class='ocrx_word' id='word_1_246' title='bbox 515 1984 643 2027; x_wconf 90' lang='lat' dir='ltr'><strong>quem</strong></span> <span class='ocrx_word' id='word_1_247' title='bbox 680 1969 859 2027; x_wconf 86' lang='lat' dir='ltr'><strong>perdere</strong></span> <span class='ocrx_word' id='word_1_248' title='bbox 897 1970 1033 2027; x_wconf 81' lang='lat' dir='ltr'><strong>cupit3</strong></span> <span class='ocrx_word' id='word_1_249' title='bbox 1077 1970 1121 2012; x_wconf 89' lang='lat' dir='ltr'><strong>in</strong></span> <span class='ocrx_word' id='word_1_250' title='bbox 1157 1978 1307 2013; x_wconf 91' lang='lat' dir='ltr'><strong>neutro</strong></span> <span class='ocrx_word' id='word_1_251' title='bbox 1336 1969 1455 2024; x_wconf 88' lang='lat' dir='ltr'><strong>fides,</strong></span> <span class='ocrx_word' id='word_1_252' title='bbox 1492 1970 1535 2012; x_wconf 90' lang='lat' dir='ltr'><strong>in</strong></span> 
     </span>
     <span class='ocr_line' id='line_1_41' title="bbox 44 1984 1534 2084; baseline 0.001 -18"><span class='ocrx_word' id='word_1_253' title='bbox 44 2033 227 2084; x_wconf 88' lang='lat' dir='ltr'><strong>·troque</strong></span> <span class='ocrx_word' id='word_1_254' title='bbox 265 1984 512 2079; x_wconf 50' lang='lat' dir='ltr'><strong>infigelitau</strong></span> <span class='ocrx_word' id='word_1_255' title='bbox 554 2025 667 2077; x_wconf 82' lang='lat' dir='ltr'><strong>fecit,</strong></span> <span class='ocrx_word' id='word_1_256' title='bbox 706 2040 791 2083; x_wconf 91' lang='lat' dir='ltr'><strong>quo</strong></span> <span class='ocrx_word' id='word_1_257' title='bbox 830 2040 916 2069; x_wconf 92' lang='lat' dir='ltr'><strong>non</strong></span> <span class='ocrx_word' id='word_1_258' title='bbox 955 2026 1085 2083; x_wconf 84' lang='lat' dir='ltr'><strong>eguit,</strong></span> <span class='ocrx_word' id='word_1_259' title='bbox 1124 2026 1255 2083; x_wconf 83' lang='lat' dir='ltr'><strong>eguit,</strong></span> <span class='ocrx_word' id='word_1_260' title='bbox 1294 2025 1409 2083; x_wconf 89' lang='lat' dir='ltr'><strong>quod</strong></span> <span class='ocrx_word' id='word_1_261' title='bbox 1448 2040 1534 2069; x_wconf 92' lang='lat' dir='ltr'><strong>non</strong></span> 
     </span>
     <span class='ocr_line' id='line_1_42' title="bbox 72 2080 1533 2139; baseline 0.001 -14.971"><span class='ocrx_word' id='word_1_262' title='bbox 72 2090 217 2125; x_wconf 85' lang='lat' dir='ltr'><strong>cerat.</strong></span> <span class='ocrx_word' id='word_1_263' title='bbox 277 2081 364 2126; x_wconf 87' lang='lat' dir='ltr'><strong>Sed</strong></span> <span class='ocrx_word' id='word_1_264' title='bbox 393 2090 503 2136; x_wconf 81' lang='lat' dir='ltr'><strong>est03</strong></span> <span class='ocrx_word' id='word_1_265' title='bbox 541 2082 700 2137; x_wconf 86' lang='lat' dir='ltr'><strong>fecerit,</strong></span> <span class='ocrx_word' id='word_1_266' title='bbox 729 2088 777 2125; x_wconf 92' lang='lat' dir='ltr'><strong>ut</strong></span> <span class='ocrx_word' id='word_1_267' title='bbox 807 2081 998 2125; x_wconf 85' lang='lat' dir='ltr'><strong>Graecos</strong></span> <span class='ocrx_word' id='word_1_268' title='bbox 1026 2082 1191 2127; x_wconf 86' lang='lat' dir='ltr'><strong>decuit!</strong></span> <span class='ocrx_word' id='word_1_269' title='bbox 1234 2080 1323 2124; x_wconf 86' lang='lat' dir='ltr'><strong>Nos</strong></span> <span class='ocrx_word' id='word_1_270' title='bbox 1353 2081 1409 2124; x_wconf 88' lang='lat' dir='ltr'><strong>ad</strong></span> <span class='ocrx_word' id='word_1_271' title='bbox 1437 2097 1533 2139; x_wconf 90' lang='lat' dir='ltr'><strong>pro-</strong></span> 
     </span>
     <span class='ocr_line' id='line_1_43' title="bbox 85 2137 494 2182; baseline -0.002 -1.091"><span class='ocrx_word' id='word_1_272' title='bbox 85 2138 230 2182; x_wconf 85' lang='lat' dir='ltr'><strong>·situm</strong></span> <span class='ocrx_word' id='word_1_273' title='bbox 258 2137 494 2182; x_wconf 84' lang='lat' dir='ltr'><strong>redeamus.</strong></span> 
     </span>
    </p>

    <p class='ocr_par' dir='ltr' id='par_1_9' title="bbox 26 2192 1678 2533">
     <span class='ocr_line' id='line_1_44' title="bbox 156 2192 1675 2252; baseline -0.002 -15"><span class='ocrx_word' id='word_1_274' title='bbox 156 2194 224 2237; x_wconf 88' lang='lat'><strong>31.</strong></span> <span class='ocrx_word' id='word_1_275' title='bbox 268 2194 599 2249; x_wconf 78' lang='lat' dir='ltr'><strong>Quartodecimo</strong></span> <span class='ocrx_word' id='word_1_276' title='bbox 629 2194 839 2238; x_wconf 79' lang='lat' dir='ltr'><strong>calendas</strong></span> <span class='ocrx_word' id='word_1_277' title='bbox 866 2194 937 2237; x_wconf 88' lang='lat' dir='ltr'><strong>Au</strong></span> <span class='ocrx_word' id='word_1_278' title='bbox 998 2194 1053 2237; x_wconf 89' lang='lat' dir='ltr'><strong>sti</strong></span> <span class='ocrx_word' id='word_1_279' title='bbox 1087 2192 1360 2237; x_wconf 85' lang='lat' dir='ltr'><strong>collectitium</strong></span> <span class='ocrx_word' id='word_1_280' title='bbox 1389 2194 1529 2252; x_wconf 87' lang='lat' dir='ltr'><strong>ipsum</strong></span> <span class='ocrx_word' id='word_1_281' title='bbox 1545 2207 1605 2235; x_wconf 72' lang='grc' dir='ltr'><strong>ιιι.</strong></span> <span class='ocrx_word' id='word_1_282' title='bbox 1629 2208 1675 2235; x_wconf 81' lang='lat'><strong>19.</strong></span> 
     </span>
     <span class='ocr_line' id='line_1_45' title="bbox 277 2249 1673 2307; baseline 0.001 -13.856"><span class='ocrx_word' id='word_1_283' title='bbox 277 2251 524 2305; x_wconf 83' lang='lat' dir='ltr'><strong>exercitum,</strong></span> <span class='ocrx_word' id='word_1_284' title='bbox 564 2266 632 2294; x_wconf 90' lang='lat' dir='ltr'><strong>me</strong></span> <span class='ocrx_word' id='word_1_285' title='bbox 670 2250 725 2293; x_wconf 86' lang='lat' dir='ltr'><strong>ab</strong></span> <span class='ocrx_word' id='word_1_286' title='bbox 762 2251 900 2293; x_wconf 88' lang='lat' dir='ltr'><strong>invisa</strong></span> <span class='ocrx_word' id='word_1_287' title='bbox 969 2265 1065 2293; x_wconf 86' lang='lat' dir='ltr'><strong>omo</strong></span> <span class='ocrx_word' id='word_1_288' title='bbox 1095 2257 1326 2307; x_wconf 79' lang='lat' dir='ltr'><strong>spectante,</strong></span> <span class='ocrx_word' id='word_1_289' title='bbox 1356 2249 1528 2294; x_wconf 89' lang='lat' dir='ltr'><strong>dimisit.</strong></span> <span class='ocrx_word' id='word_1_290' title='bbox 1543 2260 1603 2287; x_wconf 74' lang='lat'><strong>¹¹¹1·</strong></span> <span class='ocrx_word' id='word_1_291' title='bbox 1626 2261 1673 2287; x_wconf 74' lang='lat'><strong>20-</strong></span> 
     </span>
     <span class='ocr_line' id='line_1_46' title="bbox 30 2305 1678 2363; baseline -0.002 -13"><span class='ocrx_word' id='word_1_292' title='bbox 30 2307 355 2355; x_wconf 66' lang='lat' dir='ltr'><strong>„Jecimotertio</strong></span> <span class='ocrx_word' id='word_1_293' title='bbox 383 2315 539 2361; x_wconf 77' lang='lat' dir='ltr'><strong>autem,</strong></span> <span class='ocrx_word' id='word_1_294' title='bbox 598 2322 653 2350; x_wconf 91' lang='lat' dir='ltr'><strong>uo</strong></span> <span class='ocrx_word' id='word_1_295' title='bbox 682 2307 751 2350; x_wconf 87' lang='lat' dir='ltr'><strong>die</strong></span> <span class='ocrx_word' id='word_1_296' title='bbox 779 2305 893 2350; x_wconf 84' lang='lat' dir='ltr'><strong>leves</strong></span> <span class='ocrx_word' id='word_1_297' title='bbox 914 2305 1070 2349; x_wconf 86' lang='lat' dir='ltr'><strong>Graeci</strong></span> <span class='ocrx_word' id='word_1_298' title='bbox 1097 2307 1336 2363; x_wconf 82' lang='lat' dir='ltr'><strong>raptionem</strong></span> <span class='ocrx_word' id='word_1_299' title='bbox 1357 2306 1678 2350; x_wconf 73' lang='lat' dir='ltr'><strong>*Heliae·1›.z⁵⁴.</strong></span> 
     </span>
     <span class='ocr_line' id='line_1_47' title="bbox 26 2361 1533 2420; baseline 0.001 -14"><span class='ocrx_word' id='word_1_300' title='bbox 26 2364 67 2402; x_wconf 48' lang='grc' dir='ltr'><strong>Ἦ·</strong></span> <span class='ocrx_word' id='word_1_301' title='bbox 108 2361 279 2420; x_wconf 84' lang='lat' dir='ltr'><strong>phetae</strong></span> <span class='ocrx_word' id='word_1_302' title='bbox 317 2362 374 2406; x_wconf 84' lang='lat' dir='ltr'><strong>ad</strong></span> <span class='ocrx_word' id='word_1_303' title='bbox 412 2362 552 2407; x_wconf 88' lang='lat' dir='ltr'><strong>caelos</strong></span> <span class='ocrx_word' id='word_1_304' title='bbox 605 2362 702 2406; x_wconf 87' lang='lat' dir='ltr'><strong>udis</strong></span> <span class='ocrx_word' id='word_1_305' title='bbox 738 2363 919 2406; x_wconf 84' lang='lat' dir='ltr'><strong>scenicis</strong></span> <span class='ocrx_word' id='word_1_306' title='bbox 958 2362 1190 2416; x_wconf 85' lang='lat' dir='ltr'><strong>celebrant,</strong></span> <span class='ocrx_word' id='word_1_307' title='bbox 1226 2377 1295 2405; x_wconf 91' lang='lat' dir='ltr'><strong>me</strong></span> <span class='ocrx_word' id='word_1_308' title='bbox 1333 2377 1380 2406; x_wconf 91' lang='lat' dir='ltr'><strong>se</strong></span> <span class='ocrx_word' id='word_1_309' title='bbox 1415 2362 1533 2407; x_wconf 80' lang='lat' dir='ltr'><strong>adire</strong></span> 
     </span>
     <span class='ocr_line' id='line_1_48' title="bbox 46 2418 1532 2477; baseline -0.001 -13"><span class='ocrx_word' id='word_1_310' title='bbox 46 2419 253 2477; x_wconf 69' lang='grc' dir='ltr'><strong>ϊθοερίῑ,</strong></span> <span class='ocrx_word' id='word_1_311' title='bbox 282 2419 351 2462; x_wconf 86' lang='lat' dir='ltr'><strong>cui</strong></span> <span class='ocrx_word' id='word_1_312' title='bbox 381 2428 424 2463; x_wconf 91' lang='lat' dir='ltr'><strong>et</strong></span> <span class='ocrx_word' id='word_1_313' title='bbox 450 2419 525 2463; x_wconf 86' lang='lat' dir='ltr'><strong>ait:</strong></span> <span class='ocrx_word' id='word_1_314' title='bbox 566 2418 809 2476; x_wconf 85' lang='lat' dir='ltr'><strong>‘Imperium</strong></span> <span class='ocrx_word' id='word_1_315' title='bbox 849 2426 1040 2462; x_wconf 87' lang='lat' dir='ltr'><strong>nostrum</strong></span> <span class='ocrx_word' id='word_1_316' title='bbox 1081 2419 1226 2475; x_wconf 88' lang='lat' dir='ltr'><strong>copias</strong></span> <span class='ocrx_word' id='word_1_317' title='bbox 1255 2419 1300 2462; x_wconf 89' lang='lat' dir='ltr'><strong>in</strong></span> <span class='ocrx_word' id='word_1_318' title='bbox 1329 2419 1413 2462; x_wconf 89' lang='lat' dir='ltr'><strong>Ass</strong></span> <span class='ocrx_word' id='word_1_319' title='bbox 1469 2419 1532 2463; x_wconf 82' lang='lat' dir='ltr'><strong>’os</strong></span> 
     </span>
     <span class='ocr_line' id='line_1_49' title="bbox 47 2474 1533 2533; baseline -0.001 -14"><span class='ocrx_word' id='word_1_320' title='bbox 47 2477 203 2519; x_wconf 85' lang='lat' dir='ltr'><strong>ueere</strong></span> <span class='ocrx_word' id='word_1_321' title='bbox 233 2475 404 2533; x_wconf 80' lang='lat' dir='ltr'><strong>cogitat,</strong></span> <span class='ocrx_word' id='word_1_322' title='bbox 433 2490 519 2518; x_wconf 88' lang='lat' dir='ltr'><strong>non</strong></span> <span class='ocrx_word' id='word_1_323' title='bbox 547 2489 676 2533; x_wconf 84' lang='lat' dir='ltr'><strong>super</strong></span> <span class='ocrx_word' id='word_1_324' title='bbox 704 2474 980 2529; x_wconf 84' lang='lat' dir='ltr'><strong>christicolas,</strong></span> <span class='ocrx_word' id='word_1_325' title='bbox 1010 2474 1368 2533; x_wconf 85' lang='lat' dir='ltr'><strong>quemadmodum</strong></span> <span class='ocrx_word' id='word_1_326' title='bbox 1430 2476 1533 2519; x_wconf 92' lang='lat' dir='ltr'><strong>omi-</strong></span> 
     </span>
    </p>

    <p class='ocr_par' dir='ltr' id='par_1_10' title="bbox 31 2530 1534 2701">
     <span class='ocr_line' id='line_1_50' title="bbox 155 2530 1534 2588; baseline 0.001 -13.917"><span class='ocrx_word' id='word_1_327' title='bbox 155 2539 268 2574; x_wconf 83' lang='lat' dir='ltr'><strong>tuus.</strong></span> <span class='ocrx_word' id='word_1_328' title='bbox 325 2531 529 2574; x_wconf 87' lang='lat' dir='ltr'><strong>Preterito</strong></span> <span class='ocrx_word' id='word_1_329' title='bbox 559 2532 718 2588; x_wconf 87' lang='lat' dir='ltr'><strong>quippe</strong></span> <span class='ocrx_word' id='word_1_330' title='bbox 746 2545 857 2574; x_wconf 86' lang='lat' dir='ltr'><strong>anno</strong></span> <span class='ocrx_word' id='word_1_331' title='bbox 885 2530 929 2573; x_wconf 89' lang='lat' dir='ltr'><strong>id</strong></span> <span class='ocrx_word' id='word_1_332' title='bbox 958 2531 1097 2588; x_wconf 89' lang='lat' dir='ltr'><strong>ipsum</strong></span> <span class='ocrx_word' id='word_1_333' title='bbox 1131 2531 1270 2575; x_wconf 83' lang='lat' dir='ltr'><strong>facere</strong></span> <span class='ocrx_word' id='word_1_334' title='bbox 1297 2531 1429 2586; x_wconf 85' lang='lat' dir='ltr'><strong>volui,</strong></span> <span class='ocrx_word' id='word_1_335' title='bbox 1459 2532 1534 2575; x_wconf 88' lang='lat' dir='ltr'><strong>sed</strong></span> 
     </span>
     <span class='ocr_line' id='line_1_51' title="bbox 73 2586 1533 2655; baseline 0 -25"><span class='ocrx_word' id='word_1_336' title='bbox 73 2586 207 2643; x_wconf 85' lang='lat' dir='ltr'><strong>udito,</strong></span> <span class='ocrx_word' id='word_1_337' title='bbox 251 2586 364 2655; x_wconf 83' lang='lat' dir='ltr'><strong>quod</strong></span> <span class='ocrx_word' id='word_1_338' title='bbox 405 2587 601 2631; x_wconf 86' lang='lat' dir='ltr'><strong>dominus</strong></span> <span class='ocrx_word' id='word_1_339' title='bbox 640 2594 736 2629; x_wconf 87' lang='lat' dir='ltr'><strong>tuus</strong></span> <span class='ocrx_word' id='word_1_340' title='bbox 774 2587 940 2645; x_wconf 86' lang='lat' dir='ltr'><strong>imperii</strong></span> <span class='ocrx_word' id='word_1_341' title='bbox 976 2588 1108 2630; x_wconf 85' lang='lat' dir='ltr'><strong>nostri</strong></span> <span class='ocrx_word' id='word_1_342' title='bbox 1145 2596 1299 2631; x_wconf 84' lang='lat' dir='ltr'><strong>terram</strong></span> <span class='ocrx_word' id='word_1_343' title='bbox 1334 2588 1533 2632; x_wconf 83' lang='lat' dir='ltr'><strong>invadere</strong></span> 
     </span>
     <span class='ocr_line' id='line_1_52' title="bbox 43 2641 1532 2701; baseline -0.001 -13"><span class='ocrx_word' id='word_1_344' title='bbox 43 2641 196 2698; x_wconf 50' lang='lat' dir='ltr'><strong>suet,</strong></span> <span class='ocrx_word' id='word_1_345' title='bbox 235 2642 423 2687; x_wconf 73' lang='lat' dir='ltr'><strong>dimissis</strong></span> <span class='ocrx_word' id='word_1_346' title='bbox 455 2643 663 2701; x_wconf 76' lang='lat' dir='ltr'><strong>Assyriis,</strong></span> <span class='ocrx_word' id='word_1_347' title='bbox 700 2641 818 2686; x_wconf 90' lang='lat' dir='ltr'><strong>illum</strong></span> <span class='ocrx_word' id='word_1_348' title='bbox 851 2658 1000 2687; x_wconf 88' lang='lat' dir='ltr'><strong>versus</strong></span> <span class='ocrx_word' id='word_1_349' title='bbox 1043 2643 1229 2687; x_wconf 81' lang='lat' dir='ltr'><strong>habenas</strong></span> <span class='ocrx_word' id='word_1_350' title='bbox 1268 2645 1532 2699; x_wconf 80' lang='lat' dir='ltr'><strong>retorsimus3</strong></span> 
     </span>
    </p>
   </div>
   <div class='ocr_carea' id='block_1_4' title="bbox 35 2734 1511 2787">
    <p class='ocr_par' dir='ltr' id='par_1_11' title="bbox 35 2734 1511 2787">
     <span class='ocr_line' id='line_1_53' title="bbox 35 2734 1511 2787; baseline 0 -8"><span class='ocrx_word' id='word_1_351' title='bbox 35 2734 46 2759; x_wconf 27' lang='grc' dir='ltr'><strong>’ἶ</strong></span> <span class='ocrx_word' id='word_1_352' title='bbox 65 2750 79 2787; x_wconf 89' lang='grc'>)</span> <span class='ocrx_word' id='word_1_353' title='bbox 98 2752 173 2779; x_wconf 68' lang='lat' dir='ltr'><strong>dnae</strong></span> <span class='ocrx_word' id='word_1_354' title='bbox 194 2752 224 2781; x_wconf 81' lang='lat' dir='ltr'><strong>C.</strong></span> <span class='ocrx_word' id='word_1_355' title='bbox 304 2752 336 2786; x_wconf 75' lang='lat' dir='ltr'><strong>b)</strong></span> <span class='ocrx_word' id='word_1_356' title='bbox 356 2753 459 2778; x_wconf 64' lang='lat' dir='ltr'><strong>seilicet</strong></span> <span class='ocrx_word' id='word_1_357' title='bbox 480 2759 542 2779; x_wconf 76' lang='lat' dir='ltr'><strong>vos.</strong></span> <span class='ocrx_word' id='word_1_358' title='bbox 624 2751 653 2787; x_wconf 83' lang='lat' dir='ltr'><strong>e)</strong></span> <span class='ocrx_word' id='word_1_359' title='bbox 676 2753 743 2787; x_wconf 72' lang='lat' dir='ltr'><strong>ipso</strong></span> <span class='ocrx_word' id='word_1_360' title='bbox 764 2754 793 2781; x_wconf 78' lang='lat'><strong>0.</strong></span> <span class='ocrx_word' id='word_1_361' title='bbox 817 2754 914 2787; x_wconf 69' lang='lat' dir='ltr'><strong>untu-</strong></span> <span class='ocrx_word' id='word_1_362' title='bbox 934 2760 1010 2780; x_wconf 81' lang='lat' dir='ltr'><strong>corr.</strong></span> <span class='ocrx_word' id='word_1_363' title='bbox 1034 2752 1214 2779; x_wconf 70' lang='lat' dir='ltr'><strong>Giuebnche.</strong></span> <span class='ocrx_word' id='word_1_364' title='bbox 1295 2753 1326 2786; x_wconf 87' lang='lat' dir='ltr'><strong>d)</strong></span> <span class='ocrx_word' id='word_1_365' title='bbox 1349 2755 1388 2779; x_wconf 74' lang='lat' dir='ltr'><strong>ac.</strong></span> <span class='ocrx_word' id='word_1_366' title='bbox 1409 2753 1460 2785; x_wconf 82' lang='lat' dir='ltr'><strong>qul</strong></span> <span class='ocrx_word' id='word_1_367' title='bbox 1483 2753 1511 2780; x_wconf 84' lang='lat' dir='ltr'><strong>C.</strong></span> 
     </span>
    </p>
   </div>
   <div class='ocr_carea' id='block_1_5' title="bbox 43 2813 1532 2924">
    <p class='ocr_par' dir='ltr' id='par_1_12' title="bbox 43 2813 1532 2924">
     <span class='ocr_line' id='line_1_54' title="bbox 43 2813 1532 2923; baseline 0.001 -49"><span class='ocrx_word' id='word_1_368' title='bbox 43 2813 48 2847; x_wconf 10' lang='lat' dir='ltr'><strong>&#39;b</strong></span> <span class='ocrx_word' id='word_1_369' title='bbox 71 2838 222 2923; x_wconf 38' lang='lat' dir='ltr'><strong>{uvaq-</strong></span> <span class='ocrx_word' id='word_1_370' title='bbox 248 2841 338 2875; x_wconf 79' lang='lat' dir='ltr'><strong>Aen.</strong></span> <span class='ocrx_word' id='word_1_371' title='bbox 365 2840 415 2883; x_wconf 89' lang='lat'><strong>11,</strong></span> <span class='ocrx_word' id='word_1_372' title='bbox 441 2839 500 2874; x_wconf 74' lang='lat'><strong>65.</strong></span> <span class='ocrx_word' id='word_1_373' title='bbox 529 2840 589 2876; x_wconf 75' lang='grc'><strong>86.</strong></span> <span class='ocrx_word' id='word_1_374' title='bbox 663 2840 703 2884; x_wconf 78' lang='grc'><strong>2)</strong></span> <span class='ocrx_word' id='word_1_375' title='bbox 721 2842 790 2883; x_wconf 80' lang='lat' dir='ltr'><strong>Qui</strong></span> <span class='ocrx_word' id='word_1_376' title='bbox 816 2845 852 2876; x_wconf 83' lang='lat' dir='ltr'><strong>et</strong></span> <span class='ocrx_word' id='word_1_377' title='bbox 878 2841 1075 2883; x_wconf 70' lang='lat' dir='ltr'><strong>eom-dun,</strong></span> <span class='ocrx_word' id='word_1_378' title='bbox 1102 2840 1259 2876; x_wconf 72' lang='lat' dir='ltr'><strong>marchio</strong></span> <span class='ocrx_word' id='word_1_379' title='bbox 1286 2845 1411 2885; x_wconf 73' lang='lat' dir='ltr'><strong>postea</strong></span> <span class='ocrx_word' id='word_1_380' title='bbox 1436 2840 1532 2885; x_wconf 73' lang='lat' dir='ltr'><strong>Epo·</strong></span> 
     </span>
     <span class='ocr_line' id='line_1_55' title="bbox 76 2900 231 2924; baseline 0 0"><span class='ocrx_word' id='word_1_381' title='bbox 76 2913 78 2915; x_wconf 94' lang='lat'>-</span> <span class='ocrx_word' id='word_1_382' title='bbox 126 2900 231 2924; x_wconf 75' lang='grc' dir='ltr'><strong>οωιι.</strong></span> 
     </span>
    </p>
   </div>
  </div>
 </body>
</html>
