1838 3210
242 349 308 375 mv.

177 1027 186 1035 ”
200 1035 229 1060 p.
243 1027 309 1054 310.

198 1067 309 1093 Ezech.

191 1106 238 1139 8³,
263 1107 309 1133 12.

114 1291 185 1317 Luc.
211 1291 255 1324 16,
278 1290 306 1318 9.

259 1866 314 1900 (9-)

327 227 371 258 68
514 224 812 258 LIUDPRANDI
839 221 1184 256 ANTAPODOSIS.
1235 220 1330 254 Liss.
1359 219 1428 252 111.
1479 218 1636 252 32-35.

325 352 377 380 ex
409 336 613 379 industria
642 351 667 377 a
697 343 736 377 tc
767 349 851 377 non
880 332 1176 389 diligentibus,
1214 332 1343 374 immo
1379 329 1506 373 hodio
1541 328 1808 385 habentibuS‚

324 392 565 450 impleatur,
606 406 701 433 eum
738 399 782 432 tu
820 390 958 446 potius
988 387 1188 440 occidito,
1218 397 1345 444 atque
1375 384 1612 443 imperialia
1640 392 1809 444 sceptra

324 449 525 505 suscipito
536 455 566 489 ³.
629 446 753 499 Quod
785 447 872 487 sine
893 444 1104 497 dilatione,
1134 458 1229 486 cum
1251 451 1410 486 terrore
1431 440 1689 499 compulsus,
1715 448 1807 486 tum

324 505 525 561 regnandi
556 502 786 559 cupiditate
817 501 1038 557 deceptus,
1079 498 1318 556 complevit.
1377 497 1474 541 Hoc
1509 498 1655 556 itaque
1682 498 1808 542 inter·

324 560 448 613 fecto,
479 560 613 601 factus
643 566 706 600 est
740 558 966 614 imperator
995 554 1192 598 Basilius.

435 617 500 657 33.
546 615 742 670 Denique
782 627 912 669 parvo
956 619 1171 655 transacto
1213 617 1422 667 tempore,
1466 609 1564 652 huie
1605 609 1805 654 dominus

323 678 464 714 noster
500 671 618 713 Iesus
648 669 840 712 Christus
870 684 946 725 per
983 669 1189 710 visionem
1227 666 1443 732 apparuit,
1482 665 1643 709 domini
1681 665 1807 709 huius

324 727 584 783 imperatoris
632 725 872 779 dexteram,
921 725 1042 766 euius
1090 723 1157 765 hic
1206 737 1322 764 necis
1368 729 1518 765 auctor
1562 722 1808 776 extiteratb,

324 791 490 835 tenens,
530 797 711 838 eumque
750 782 808 823 ita
845 781 1117 822 conveniens:
1147 778 1311 832 ‘Basili,
1346 786 1394 821 ut
1429 776 1533 836 quid
1560 777 1810 822 interfecisti

324 839 540 881 dominum
577 844 695 879 tuum
734 837 844 879 hune
881 835 1157 878 Miehahelem
1196 833 1534 891 irnperatorem‘?'
1589 834 1809 892 Experge-

323 894 460 936 factus
498 894 658 950 itaque,
699 893 803 935 tanti
839 907 884 934 se
919 907 1037 934 reum
1076 892 1196 933 novit
1234 906 1326 933 esse
1354 897 1508 944 reatus,
1537 904 1724 948 moxque
1750 889 1807 933 ad

324 965 414 992 sese
443 950 622 1003 rediens,
682 949 766 990 uod
794 963 921 1014 super
949 947 1029 990 hoc
1058 947 1224 999 faceret,
1256 946 1485 1003 cogitabat.

435 1007 449 1022 '
463 1006 528 1047 34.
560 966 829 1048 Coniortatus
847 1013 990 1068 ltaque
1010 1003 1089 1045 hae
1110 1003 1269 1046 domini
1283 1018 1361 1059 per
1380 1001 1629 1068 prophetam
1648 1001 1807 1046 salubri

324 1068 365 1104 et
393 1077 489 1104 vere
516 1060 764 1118 acceptabili
794 1061 1082 1116 promissione,
1113 1059 1313 1116 quoniam
1343 1064 1354 1085 ‘
1384 1074 1428 1101 m
1447 1072 1718 1116 quacumque
1737 1057 1808 1102 die

324 1124 522 1174 peccator
551 1117 819 1173 ingemuerit,
858 1115 999 1158 salvus
1029 1117 1131 1170 erit',
1167 1130 1265 1157 cum
1294 1114 1479 1158 lacrimis
1507 1121 1551 1158 et
1576 1113 1808 1172 gemitibus

325 1188 369 1215 se
399 1181 677 1229 peccatorem,
708 1188 751 1215 se
782 1173 998 1229 sanguinis
1028 1172 1261 1214 innocentis
1291 1171 1516 1214 effusorem
1544 1185 1650 1225 esse,
1678 1169 1808 1213 confi·

323 1229 500 1271 tebatur.
576 1230 696 1271 Bono
751 1236 893 1271 autem
950 1227 1123 1270 consilio
1172 1242 1275 1270 acce
1307 1234 1370 1282 to,
1417 1227 1578 1270 amicos
1624 1226 1707 1270 sibi
1752 1225 1818 1270 de*

323 1299 520 1326 mamona
547 1285 778 1342 iniquitatis
806 1285 1013 1338 effecerat,
1054 1291 1102 1327 ut
1131 1299 1238 1341 quos
1276 1242 1348 1326 iiic
1376 1281 1679 1340 temporalibus
1707 1283 1807 1326 sub-
1837 1295 1838 1319 l

322 1341 438 1383 sidiis
468 1339 765 1393 consolaretur,
802 1355 946 1382 eorum
987 1340 1189 1397 precibus
1218 1340 1273 1383 ab
1301 1346 1472 1383 aeterno
1499 1337 1719 1396 gehennae
1745 1338 1809 1382 in-

323 1395 471 1439 cendio
510 1395 768 1439 liberaretur.
835 1397 1078 1439 Fabricavit
1118 1404 1262 1438 autem
1305 1396 1496 1453 precioso
1539 1401 1584 1438 et
1623 1393 1808 1439 mirabili

323 1467 449 1509 opere
478 1453 599 1494 iuxta
625 1451 829 1509 palatium
859 1453 1060 1495 orientem
1091 1467 1238 1495 versus
1268 1451 1488 1496 ecclesiam
1522 1452 1567 1494 in
1601 1450 1807 1496 honorem

323 1509 476 1550 summi
513 1516 555 1551 et
593 1508 757 1551 celestis
797 1508 970 1551 militiae
1010 1509 1242 1565 principisc
1280 1516 1322 1551 et
1363 1505 1611 1564 archangeli
1643 1505 1807 1550 Micha-

322 1563 440 1618 helis,
471 1565 544 1620 qui
604 1580 699 1607 rece
719 1564 1047 1618 archistratigos,
1076 1564 1157 1606 hoc
1177 1571 1243 1607 est
1261 1563 1444 1607 miliciae
1470 1564 1670 1621 princeps
1694 1561 1809 1620 apel·

322 1619 444 1662 latur.
500 1620 590 1662 Ecc
608 1622 737 1662 esiam
773 1628 915 1663 autem
954 1622 1091 1677 ipsam
1126 1635 1256 1674 nean,
1300 1619 1383 1663 hoc
1419 1627 1484 1664 est
1517 1633 1696 1674 novam,
1733 1617 1807 1662 alii

323 1683 495 1730 vocant,
535 1675 604 1718 alii
642 1691 743 1719 vero
782 1692 962 1730 ennean,
1003 1677 1118 1733 quod
1159 1684 1303 1719 nostra
1343 1675 1489 1742 lingua
1526 1673 1808 1720 novennalem

325 1738 467 1785 sonat,
506 1731 705 1788 apellant,
745 1747 794 1775 eo
834 1732 946 1789 quod
986 1733 1145 1775 ibidem
1186 1732 1569 1776 aeclesiasncarum
1605 1731 1810 1776 horarum

326 1788 519 1830 machina
547 1803 699 1831 novem
729 1787 895 1845 pulsata
921 1787 1074 1831 ictibus
1106 1796 1240 1831 sonet.

434 1844 503 1885 35.
547 1843 743 1886 Secundo
780 1846 923 1902 itaque
962 1859 1047 1901 quo
1077 1846 1290 1887 Romanos
1326 1851 1449 1902 pater
1484 1842 1680 1888 vasilleos
1707 1857 1807 1887 con-

324 1899 493 1942 stitutus
530 1907 594 1942 est
621 1915 731 1942 anno
760 1907 1014 1943 convocatos
1042 1901 1098 1943 ad
1128 1917 1220 1944 sese
1258 1901 1473 1958 principes
1500 1899 1561 1943 ita
1589 1900 1808 1944 convenit:

325 1955 525 1998 ‘Romane
569 1955 784 2012 dignitatis
838 1957 1079 2012 archontes,
1122 1957 1167 2000 id
1211 1965 1275 2000 est
1317 1957 1456 2014 princi
1542 1989 1553 2011 ,
1604 1957 1808 2014 quoniam

323 2010 444 2054 vobis
473 2011 674 2054 consultis
702 2026 787 2054 non
816 2012 965 2067 solum,
995 2014 1181 2079 inquam,
1212 2021 1332 2070 pater
1359 1970 1555 2056 vasiffggs
1584 2027 1680 2056 sum
1708 2026 1808 2055 con·

325 2067 505 2121 stitutus,
535 2082 682 2110 verum
711 2069 839 2111 etiam
869 2070 1124 2111 sanctiSfflmi
1160 2070 1428 2126 imperatoris
1464 2067 1658 2112 fidelitati
1687 2067 1807 2126 glau-

324 2123 442 2179 copis
469 2122 676 2178 Helenae,
716 2125 760 2167 id
798 2131 861 2167 est
889 2126 1045 2168 virides
1075 2125 1220 2168 oculos
1254 2124 1470 2180 habentis,
1507 2125 1808 2169 coniunctione

325 2179 513 2232 sotiatus,
542 2178 624 2222 hoe
651 2179 793 2237 aliquo
822 2181 1051 2237 imperialis
1081 2188 1253 2224 ornatus
1280 2181 1431 2224 inditio
1460 2181 1687 2224 monstrari
1713 2180 1811 2238 dig-⁴

324 2248 425 2275 num
455 2249 550 2277 reor
577 2236 621 2276 in
650 2251 725 2278 eor
757 2251 840 2290 ore,
873 2238 986 2294 quod
1015 2237 1253 2280 celebratur
1280 2252 1306 2279 a
1367 2236 1506 2296 opulis
1534 2252 1591 2280 ex
1625 2236 1808 2294 dignita-

324 2289 378 2331 tis
406 2290 599 2333 nomine’.
655 2292 707 2334 Iu
738 2294 895 2335 icatum
930 2293 1113 2351 denique
1147 2309 1173 2336 a
1246 2309 1300 2351 op
1348 2308 1372 2337 ο
1403 2293 1706 2351 communique
1734 2291 1820 2347 ‹le-N

324 2352 485 2387 eretum
515 2354 579 2388 est
607 2347 803 2402 consilio,
832 2356 879 2390 ut
909 2350 1010 2406 quia
1037 2357 1178 2393 tantae
1208 2309 1428 2406 dignitatis
1455 2356 1568 2405 erat,
1596 2356 1641 2393 et
1665 2347 1818 2402 leuco-g

325 2399 468 2454 lenon,
503 2402 548 2444 id
587 2408 649 2444 est
676 2402 773 2445 alba
802 2403 996 2459 brachia,
1036 2405 1230 2448 Helenan
1269 2405 1400 2447 filiam
1436 2419 1558 2448 suam
1595 2403 1811 2463 impefiali:

325 2455 528 2520 dignitate
565 2457 799 2515 copularat,
835 2460 1144 2503 rubricatarum
1178 2461 1352 2519 pellium
1393 2461 1560 2519 caligis,
1596 2468 1645 2504 ut
1680 2457 1818 2510 isthic}

325 2519 626 2577 imperatorum
669 2516 796 2557 moris
844 2525 926 2570 est,
977 2524 1164 2560 uteretur
1175 2527 1201 2560 ¹.
1269 2517 1355 2561 Sed
1392 2533 1472 2561 nec
1508 2517 1590 2560 hoc
1632 2516 1818 2575 quidem:

325 2573 426 2609 satis
455 2569 494 2610 ei
522 2569 659 2611 visum
687 2570 779 2613 fuit.
836 2571 1046 2628 Equidem
1076 2581 1174 2631 post
1202 2575 1328 2616 unius
1357 2574 1459 2616 anni
1486 2574 1667 2628 sinaxin,
1707 2586 1818 2628 cum]

325 2673 355 2746 a}
387 2675 422 2739 ἐξ
445 2674 497 2739 heiu·
517 2684 587 2740 ¹voce
615 2678 715 2703 desinit
744 2679 827 2704 codar
854 2680 918 2706 bibl.
949 2681 1102 2706 Caesareae
1137 2682 1291 2708 Vu'ndohow
1320 2683 1358 2711 N.
1390 2684 1459 2710 400.
1570 2683 1601 2716 b)
1631 2683 1744 2710 exunt
1775 2683 1817 2745 1}

325 2720 340 2736 ‹-
375 2720 395 2745 p
425 2720 493 2746 nps
534 2736 540 2742 .

1804 2757 1815 2785 ἓ

328 2811 364 2855 1)
389 2810 433 2846 τὰ
456 2809 669 2859 ὑποδήματα
695 2814 826 2861 §orosa
851 2815 928 2862 ἦτοι
956 2815 1093 2854 κόκκινα
1120 2823 1258 2864 insigne
1286 2827 1386 2856 erant
1411 2825 1664 2867 imperatorum
1691 2798 1816 2857 Grae-3

324 2871 455 2904 corum,
473 2863 518 2896 cf.
538 2863 756 2899 Constantia.
775 2866 818 2900 de
837 2869 957 2902 cei-im.
975 2869 1078 2902 aulae
1097 2870 1245 2912 Byzant.
1264 2871 1282 2902 I
1311 2883 1341 2904 c.
1362 2873 1419 2913 96,
1441 2884 1476 2916 p.
1494 2872 1565 2904 434
1584 2871 1642 2906 ed.
1657 2864 1814 2908 Reiskeg
